2480 3488
1224 290 84 76 6.

383 357 1713 102 el ánimo, para dedicarlo despues con mas vigor

380 436 1710 95 á las obligaciones propias de cada uno, merecen el

383 511 1713 99 nombre de virtud; pero el abuso que hace de ellas

380 590 1710 101 la condicion y malicia humana, por el exceso en

386 671 1704 93 el tiempo, en los intereses que median, ú otras

389 749 1710 88 circustancias, vician y hacen pecaminosas las mis¬

380 842 1716 76 mas diversiones; y para ocurrir á este daño proveen

386 903 1716 88 las leyes de remedio. Así en adelante no habra

386 979 1710 99 juegos de albures, banca, veinte y treinta y una,

380 1060 1713 82 dados ú otros semejantes juegos de azar. Las perso¬

383 1133 1710 90 nas decentes, ó empleadas en oficio público civil

389 1214 1707 85 ó militar; incurrirán por la primera vez en docientos

380 1290 1704 99 pesos de pena por el solo hecho de hallarse jugando

383 1363 1707 107 juego prohibido, ó averiguarse por testigos que lo

386 1447 1710 84 han hecho; y si fuere persona de menor condicion

383 1520 1710 87 destinada á algun oficio ó exercicio honesto, en la

383 1601 1707 81 de cincuenta pesos: y los dueños de las casas, que

380 1674 1710 87 permitieren en ellas dichos juegos, incurriran en el

380 1755 1716 82 duplo de las penas, segun sus clases, cuyas multas

380 1828 1713 93 seran duplicadas por la segunda vez; y por la ter¬

377 1903 1713 90 cera sufriran la pena de un año de destierro

377 1979 1713 87 á distancia de diez leguas de esta capital, y los

377 2055 1713 93 dueños de las casas de dos; y si fuere tanta su in¬

377 2130 1713 93 corregibilidad que vuelvau á reincidir, serán remi¬

380 2211 1710 91 tidos los unos por cinco años à Patagones, y los

377 2290 1707 90 otros por diez á las armas. Y para que jamas mi

380 2366 1707 93 tremebunda disposicion se haga ilusoria, los delin¬

377 2441 1710 96 cuentes de calidad distinguida sin excepcion parti¬

380 2520 1710 93 cular, que no tuvieren facultades para satisfacer las

383 2592 1698 111 multas referidas, sufriran, desde luego, por la pri¬

377 2679 1707 88 mera vez la pena de destierro por seis meses, y los

369 2752 1715 93 demas un mes de cárcel; debiendo sufrir do¬

377 2831 1713 93 ble pena los dueños de las casas, aumentando las

380 2912 1713 90 unas y las otras en casos de reincidencia. Y como

244 3041 231 205 82
