2480 3488
1218 299 81 73 8.

389 363 1718 96 á entender que no procedian del editor, sino del

386 438 1721 99 oficial que armaba la Prensa, mandó al instante

392 523 1712 93 que al tal oficial lo pusiesen á aprender á leer con

389 607 1713 84 Chilibran, y al amo de la imprenta, porque no

389 674 1715 104 remediaba semejantes defectos, le hizo correr tres

389 764 1704 90 horas á caballo sobre un palo por todas las calles

389 837 468 98 de la ciudad.

479 903 1614 96 Y como el famoso Tremebundo sobresalía prodi¬

389 988 1707 102 giosamente sobre toda la ciudad, todo lo dominaba,

389 1066 1704 96 Y todo lo alcanzaba. Esto fué causa de que divi¬

380 1142 1719 99 sase la multitud de lavanderas que en las márgenes

380 1220 1713 90 del rio cerca de la alameda lavan la ropa. Vió

380 1299 1716 90 al mismo tiempo que del mismo lugar extraian los

377 1374 1716 88 aguadores el agua que distribuían en el consumo de

375 1453 1709 93 la ciudad; y como considerase que aquellas aguas

375 1528 1712 91 venian impregnadas de las inmundicias del cuerpo

369 1604 1721 93 humano, y de las excreciones de los enfermos, esto

377 1680 1710 95 pudo tanto,en su delicada aprehension, que exci¬

372 1758 1712 93 tándole violentas náuseas, estuvo á pique de reven¬

372 1837 1712 90 tar. Entónces Chilibran, furioso de corage, levantó

366 1912 1721 96 la longa palanca; y arroyó las lavanderas hasta la

372 1991 1715 93 Recoleta, prohibiéndoles que volviesen á lavar en

369 2066 1715 93 el sitio de donde sacaban las aguas del consumo baxo

372 2145 1709 96 la pena de la indignacion de Tremebundo (que sabe

372 2226 1709 102 Apolo hasta donde se extenderia).—— A este

366 2302 1718 96 tiempo volvió Tremebundo de su accidente, y exten¬

366 2371 1712 108 diendo la vista sobre el mismo punto, sólo distin¬

369 2450 1709 119 guió multitud de muchachos, hombres de todas eda¬

363 2528 1718 119 des; niñas, viejas y mugeres, de todos estados que

363 2610 1715 110 se bañaban á un mismo tiempo. ¿Qué fenómeno es

366 2685 1706 114 este! exclamó; es este el paraiso terrenal, donde

363 2764 1704 99 reynaba la inocencia es un pueblo donde solo se

354 2842 1718 108 trata de la vida animal, ó es un pueblo culto nacido

354 2924 1716 104 en el pecado original? Y si efectivamente es esto

158 3054 205 192 84
