<?xml version="1.0" encoding="UTF-8"?>
<alto xmlns:xsi="http://www.w3.org/2001/XMLSchema-instance"
      xmlns="http://www.loc.gov/standards/alto/ns-v4#"
      xsi:schemaLocation="http://www.loc.gov/standards/alto/ns-v4# http://www.loc.gov/standards/alto/v4/alto-4-2.xsd">
  <Description>
    <MeasurementUnit>pixel</MeasurementUnit>
    <sourceImageInformation>
      <fileName>Delirio II, en La prensa argentina 18 jun 1816_page-0010.jpg</fileName>
      
    </sourceImageInformation>
  </Description>
  
  <Tags>
    <OtherTag ID="BT1856" LABEL="TitlePageZone" DESCRIPTION="block type TitlePageZone"/><OtherTag ID="BT1849" LABEL="MainZone" DESCRIPTION="block type MainZone"/><OtherTag ID="BT1852" LABEL="NumberingZone" DESCRIPTION="block type NumberingZone"/><OtherTag ID="BT1854" LABEL="RunningTitleZone" DESCRIPTION="block type RunningTitleZone"/><OtherTag ID="BT1867" LABEL="GraphicZone" DESCRIPTION="block type GraphicZone"/><OtherTag ID="BT1885" LABEL="CustomZone:CuratorNumbering" DESCRIPTION="block type CustomZone:CuratorNumbering"/><OtherTag ID="BT1886" LABEL="CustomZone:advertising" DESCRIPTION="block type CustomZone:advertising"/>
    <OtherTag ID="LT744" LABEL="DefaultLine" DESCRIPTION="line type DefaultLine"/><OtherTag ID="LT745" LABEL="HeadingLine" DESCRIPTION="line type HeadingLine"/>
  </Tags>
  
  <Layout>
    <Page WIDTH="2480"
          HEIGHT="3488"
          PHYSICAL_IMG_NR="9"
          ID="eSc_dummypage_">
      <PrintSpace HPOS="0"
                  VPOS="0"
                  WIDTH="2480"
                  HEIGHT="3488">
        
        <TextBlock HPOS="1207"
                   VPOS="283"
                   WIDTH="115"
                   HEIGHT="75"
                   ID="eSc_textblock_e0d1f995"
                   TAGREFS="BT1852">
          <Shape><Polygon POINTS="1207 283 1207 358 1322 358 1322 283"/></Shape>
          
          
          <TextLine ID="eSc_line_10b6d32a"
                    TAGREFS="LT744"
                    BASELINE="1203 354 1317 360" 
                    HPOS="1200"
                    VPOS="296"
                    WIDTH="117"
                    HEIGHT="73">
            <Shape><Polygon POINTS="1290 319 1261 308 1232 296 1203 302 1203 354 1200 363 1311 369 1317 360 1314 325 1290 319"/></Shape>
	    <String CONTENT="10."
                    HPOS="1200"
                    VPOS="296"
                    WIDTH="117"
                    HEIGHT="73"></String>
          </TextLine>

          
        </TextBlock>
        
        <TextBlock HPOS="373"
                   VPOS="376"
                   WIDTH="1769"
                   HEIGHT="2631"
                   ID="eSc_textblock_c8894be0"
                   TAGREFS="BT1849">
          <Shape><Polygon POINTS="373 376 387 3000 2128 3007 2142 379"/></Shape>
          
          
          <TextLine ID="eSc_line_adad67c1"
                    TAGREFS="LT744"
                    BASELINE="395 441 2131 441" 
                    HPOS="395"
                    VPOS="360"
                    WIDTH="1736"
                    HEIGHT="93">
            <Shape><Polygon POINTS="2081 369 2052 369 2023 369 1997 369 1901 380 1866 366 1849 366 1840 366 1822 383 1782 383 1744 363 1732 363 1721 363 1697 380 1654 363 1645 363 1636 363 1616 383 1564 383 1471 360 1468 360 1439 360 1410 360 1305 360 1302 360 1299 360 1244 380 1194 360 1192 360 1189 360 1186 360 1133 380 1069 360 1067 360 1064 360 956 380 924 360 921 360 918 360 910 360 910 363 892 380 787 380 747 363 744 363 715 363 677 380 659 366 657 366 627 366 598 377 587 366 569 366 540 369 523 369 488 374 459 369 453 369 424 369 404 369 395 377 395 441 395 453 2131 453 2131 441 2131 380 2096 369 2081 369"/></Shape>
	    <String CONTENT="Extracto de una carta de Mendoza de 1 de junio."
                    HPOS="395"
                    VPOS="360"
                    WIDTH="1736"
                    HEIGHT="93"></String>
          </TextLine>

          
          
          <TextLine ID="eSc_line_0d07fc87"
                    TAGREFS="LT744"
                    BASELINE="421 587 2136 592" 
                    HPOS="418"
                    VPOS="511"
                    WIDTH="1718"
                    HEIGHT="90">
            <Shape><Polygon POINTS="421 587 418 595 2131 601 2136 592 2136 534 1849 534 1849 531 1802 514 1799 514 1796 514 1793 514 1790 514 1770 531 1767 534 1645 534 1639 531 1561 514 1558 514 1555 514 1552 514 1552 517 1538 531 1535 534 1476 534 1471 531 1430 514 1427 514 1424 514 1421 514 1418 514 1401 531 1398 531 1346 514 1343 514 1340 514 1337 514 1293 529 1130 511 1128 511 1125 511 1055 529 1000 511 997 511 994 511 991 511 947 529 944 529 898 511 895 511 816 511 814 511 811 511 808 511 808 514 790 529 787 529 715 514 712 514 709 514 706 514 686 526 671 514 671 511 668 511 665 511 662 511 659 511 601 529 596 531 543 531 540 529 526 514 526 511 523 511 520 511 517 511 421 526 421 587"/></Shape>
	    <String CONTENT="La Escuadra de Beown ha tomado muchas presas"
                    HPOS="418"
                    VPOS="511"
                    WIDTH="1718"
                    HEIGHT="90"></String>
          </TextLine>

          
          
          <TextLine ID="eSc_line_9b274589"
                    TAGREFS="LT744"
                    BASELINE="401 671 2125 665" 
                    HPOS="398"
                    VPOS="592"
                    WIDTH="1727"
                    HEIGHT="102">
            <Shape><Polygon POINTS="2026 592 2014 604 1945 592 1939 592 1913 592 1895 604 1834 592 1822 592 1805 592 1788 607 1607 607 1578 592 1561 592 1558 592 1543 604 1465 592 1444 592 1436 592 1412 604 1334 592 1328 592 1299 592 1241 607 1203 592 1200 592 1197 592 1194 592 1142 607 747 592 744 592 654 607 514 592 511 592 398 610 401 671 401 694 2122 683 2125 665 2119 607 2052 592 2026 592"/></Shape>
	    <String CONTENT="y algunas de mucho valor. El Almirante fue hecho"
                    HPOS="398"
                    VPOS="592"
                    WIDTH="1727"
                    HEIGHT="102"></String>
          </TextLine>

          
          
          <TextLine ID="eSc_line_127cf73b"
                    TAGREFS="LT744"
                    BASELINE="398 744 2116 749" 
                    HPOS="395"
                    VPOS="671"
                    WIDTH="1721"
                    HEIGHT="93">
            <Shape><Polygon POINTS="1209 671 1180 671 1145 680 1133 683 1116 683 1035 671 1005 671 991 683 985 691 651 691 616 685 497 671 482 671 456 671 398 685 398 744 395 752 2110 764 2116 749 2107 674 2049 694 1860 694 1808 677 1793 671 1790 671 1788 671 1700 677 1497 691 1476 680 1465 671 1462 671 1459 671 1456 671 1378 680 1317 685 1276 680 1218 671 1209 671"/></Shape>
	    <String CONTENT="prisionero, pero despues ha sido cangeado por el"
                    HPOS="395"
                    VPOS="671"
                    WIDTH="1721"
                    HEIGHT="93"></String>
          </TextLine>

          
          
          <TextLine ID="eSc_line_d76cc55c"
                    TAGREFS="LT744"
                    BASELINE="395 819 2116 828" 
                    HPOS="392"
                    VPOS="744"
                    WIDTH="1724"
                    HEIGHT="119">
            <Shape><Polygon POINTS="2023 749 1994 749 1965 749 1936 749 1901 767 1863 749 1849 749 1840 749 1799 767 1796 767 1744 749 1732 749 1715 749 1680 761 1607 749 1587 749 1578 749 1543 767 1526 749 1500 749 1465 764 1343 749 1340 749 1337 749 1293 761 1279 749 1267 749 1238 747 1209 747 1194 747 1174 764 1110 747 1093 747 1064 747 1040 747 1023 761 1005 747 976 747 971 747 843 761 805 747 802 747 773 747 770 747 741 761 706 747 686 747 668 747 537 761 529 761 505 747 485 747 470 761 441 747 424 747 421 744 395 758 395 819 392 837 433 860 436 860 439 860 441 863 601 863 601 860 604 860 697 834 709 831 715 834 753 857 755 857 758 857 761 857 764 857 808 834 811 834 1360 834 1372 840 1401 854 1404 854 1407 854 1410 854 1412 854 1430 840 1442 834 2110 845 2116 828 2116 770 2038 749 2023 749"/></Shape>
	    <String CONTENT="Brigadier General Mendiburo, el Almirante Lier,"
                    HPOS="392"
                    VPOS="744"
                    WIDTH="1724"
                    HEIGHT="119"></String>
          </TextLine>

          
          
          <TextLine ID="eSc_line_ecb26e95"
                    TAGREFS="LT744"
                    BASELINE="401 909 2122 895" 
                    HPOS="398"
                    VPOS="825"
                    WIDTH="1724"
                    HEIGHT="102">
            <Shape><Polygon POINTS="2113 837 1918 828 1910 828 1881 828 1852 828 1822 828 1793 828 1764 828 1750 828 1735 840 1695 828 1677 828 1648 828 1642 828 1590 840 1572 828 1561 828 1540 825 1508 837 1468 825 1444 825 1442 825 1401 842 1398 842 1378 842 1180 825 1177 825 1174 825 1133 842 1116 825 1113 825 1110 825 1107 825 1029 842 1017 845 997 842 878 828 875 828 398 845 401 909 401 927 2122 903 2122 895 2119 880 2113 837"/></Shape>
	    <String CONTENT="y el Gobernador que fue mandado de Lima para"
                    HPOS="398"
                    VPOS="825"
                    WIDTH="1724"
                    HEIGHT="102"></String>
          </TextLine>

          
          
          <TextLine ID="eSc_line_75f03448"
                    TAGREFS="LT744"
                    BASELINE="392 970 2116 976" 
                    HPOS="389"
                    VPOS="898"
                    WIDTH="1727"
                    HEIGHT="101">
            <Shape><Polygon POINTS="1392 903 1346 909 1285 918 1264 909 1253 903 1235 903 1215 903 1192 906 1130 915 898 906 886 906 857 906 828 906 799 906 770 906 741 909 712 909 683 909 680 909 671 918 479 918 441 909 421 909 418 903 392 898 392 970 389 982 2110 999 2116 976 2113 921 1395 903 1392 903"/></Shape>
	    <String CONTENT="Guayaquil , y muchos otros oficiales prisioneros que"
                    HPOS="389"
                    VPOS="898"
                    WIDTH="1727"
                    HEIGHT="101"></String>
          </TextLine>

          
          
          <TextLine ID="eSc_line_ee10205f"
                    TAGREFS="LT744"
                    BASELINE="395 1052 2116 1046" 
                    HPOS="392"
                    VPOS="976"
                    WIDTH="1724"
                    HEIGHT="90">
            <Shape><Polygon POINTS="1907 976 1904 976 1901 976 1840 994 1837 994 1831 994 1785 976 1782 976 1779 976 1776 976 1741 994 1738 994 1726 994 1633 976 1631 976 1628 976 1599 991 1596 994 1401 994 1386 991 1343 976 1340 976 1337 976 1334 976 1308 991 1299 994 1290 991 1255 976 1253 976 1250 976 1247 976 1244 976 1226 988 1218 996 1177 988 1125 979 1122 979 1119 979 1087 988 1052 999 831 999 814 985 805 979 802 979 799 979 796 979 729 985 627 996 596 985 578 979 575 979 572 979 392 982 395 1052 395 1066 2113 1060 2116 1046 2110 996 1947 996 1947 994 1910 976 1907 976"/></Shape>
	    <String CONTENT="habian- caido en poder de la escuadra de Buenos-¬"
                    HPOS="392"
                    VPOS="976"
                    WIDTH="1724"
                    HEIGHT="90"></String>
          </TextLine>

          
          
          <TextLine ID="eSc_line_fd3a052e"
                    TAGREFS="LT744"
                    BASELINE="389 1124 619 1130" 
                    HPOS="386"
                    VPOS="1063"
                    WIDTH="233"
                    HEIGHT="93">
            <Shape><Polygon POINTS="389 1124 386 1139 444 1156 447 1156 450 1156 616 1145 619 1130 616 1063 389 1066 389 1124"/></Shape>
	    <String CONTENT="Ayres."
                    HPOS="386"
                    VPOS="1063"
                    WIDTH="233"
                    HEIGHT="93"></String>
          </TextLine>

          
          
          <TextLine ID="eSc_line_210284b1"
                    TAGREFS="LT744"
                    BASELINE="473 1284 2122 1284" 
                    HPOS="473"
                    VPOS="1212"
                    WIDTH="1649"
                    HEIGHT="87">
            <Shape><Polygon POINTS="2110 1232 1785 1232 1697 1212 1695 1212 1692 1212 1689 1212 1665 1232 1447 1232 1424 1212 1421 1212 1418 1212 1334 1212 1331 1212 1328 1212 1325 1212 1296 1232 1081 1232 1029 1212 1026 1212 1023 1212 1020 1212 1017 1212 988 1229 907 1212 904 1212 901 1212 866 1229 822 1212 819 1212 816 1212 814 1212 753 1229 691 1212 689 1212 686 1212 683 1212 627 1226 517 1212 502 1217 473 1276 473 1284 473 1299 2122 1299 2122 1284 2119 1255 2110 1232"/></Shape>
	    <String CONTENT="Relacion de los buques salidos para alta mar en el"
                    HPOS="473"
                    VPOS="1212"
                    WIDTH="1649"
                    HEIGHT="87"></String>
          </TextLine>

          
          
          <TextLine ID="eSc_line_c29f9b30"
                    TAGREFS="LT744"
                    BASELINE="889 1360 1596 1354" 
                    HPOS="886"
                    VPOS="1290"
                    WIDTH="710"
                    HEIGHT="99">
            <Shape><Polygon POINTS="1584 1351 1564 1305 1319 1290 1317 1290 1314 1290 1311 1290 1311 1293 1296 1308 886 1308 889 1360 889 1389 1264 1371 1343 1374 1532 1386 1535 1386 1538 1386 1596 1366 1596 1354 1593 1348 1584 1351"/></Shape>
	    <String CONTENT="pasado mes de mayo."
                    HPOS="886"
                    VPOS="1290"
                    WIDTH="710"
                    HEIGHT="99"></String>
          </TextLine>

          
          
          <TextLine ID="eSc_line_3b30d5c3"
                    TAGREFS="LT744"
                    BASELINE="1124 1521 1382 1520" 
                    HPOS="1119"
                    VPOS="1441"
                    WIDTH="262"
                    HEIGHT="87">
            <Shape><Polygon POINTS="1122 1520 1122 1528 1381 1526 1381 1517 1375 1456 1119 1441 1122 1520"/></Shape>
	    <String CONTENT="DIA 4."
                    HPOS="1119"
                    VPOS="1441"
                    WIDTH="262"
                    HEIGHT="87"></String>
          </TextLine>

          
          
          <TextLine ID="eSc_line_435413fc"
                    TAGREFS="LT744"
                    BASELINE="465 1671 2116 1671" 
                    HPOS="465"
                    VPOS="1595"
                    WIDTH="1651"
                    HEIGHT="87">
            <Shape><Polygon POINTS="2064 1601 2049 1601 2017 1613 1971 1601 1947 1601 1918 1601 1910 1601 1843 1613 1814 1601 1802 1601 1779 1598 1444 1613 1378 1613 1375 1610 1360 1598 1360 1595 1357 1595 1354 1595 1351 1595 1224 1610 1194 1613 1192 1610 1177 1598 1177 1595 1174 1595 1171 1595 1162 1595 1061 1595 1058 1595 1055 1595 1052 1595 1052 1598 1040 1610 1035 1613 1008 1610 921 1595 918 1595 915 1595 878 1607 863 1613 851 1607 825 1595 822 1595 819 1595 816 1595 787 1607 773 1613 750 1607 700 1595 697 1595 694 1595 691 1595 689 1595 671 1607 662 1610 465 1607 465 1671 465 1682 2116 1680 2116 1671 2116 1613 2087 1601 2064 1601"/></Shape>
	    <String CONTENT="Fragata inglesa Libertad que con procedencia"
                    HPOS="465"
                    VPOS="1595"
                    WIDTH="1651"
                    HEIGHT="87"></String>
          </TextLine>

          
          
          <TextLine ID="eSc_line_3b5626c0"
                    TAGREFS="LT744"
                    BASELINE="383 1744 2119 1744" 
                    HPOS="383"
                    VPOS="1671"
                    WIDTH="1736"
                    HEIGHT="90">
            <Shape><Polygon POINTS="1924 1674 1913 1674 1883 1685 1852 1674 1837 1674 1822 1674 1761 1685 1741 1674 1721 1674 1718 1674 1689 1685 1491 1674 1488 1674 1456 1674 1436 1674 1421 1688 1125 1688 1061 1674 1052 1674 1040 1674 1026 1688 787 1688 697 1674 674 1674 662 1674 613 1685 598 1674 587 1674 558 1674 529 1674 500 1674 470 1674 468 1671 407 1671 404 1671 401 1671 398 1671 383 1680 383 1744 383 1755 2116 1761 2119 1744 2119 1688 1953 1688 1936 1674 1924 1674"/></Shape>
	    <String CONTENT="del Rio Janeyro ancló en estas Balizas el 20 de ene¬"
                    HPOS="383"
                    VPOS="1671"
                    WIDTH="1736"
                    HEIGHT="90"></String>
          </TextLine>

          
          
          <TextLine ID="eSc_line_1bffa784"
                    TAGREFS="LT744"
                    BASELINE="386 1825 2113 1816" 
                    HPOS="383"
                    VPOS="1746"
                    WIDTH="1730"
                    HEIGHT="88">
            <Shape><Polygon POINTS="1721 1746 1692 1746 1663 1746 1648 1746 1604 1761 1549 1746 1546 1746 1523 1746 1482 1761 1468 1749 1468 1746 1465 1746 1462 1746 1459 1746 1456 1746 1412 1761 1334 1746 1331 1746 1328 1746 1325 1746 1325 1749 1308 1764 1250 1746 1247 1746 1244 1746 1130 1764 1008 1746 1005 1746 898 1767 532 1749 529 1749 526 1749 523 1749 523 1752 505 1770 383 1770 386 1825 386 1834 2110 1825 2113 1816 2107 1764 1724 1746 1721 1746"/></Shape>
	    <String CONTENT="ro último, su capitan Mr. Roberto Gruby carga¬"
                    HPOS="383"
                    VPOS="1746"
                    WIDTH="1730"
                    HEIGHT="88"></String>
          </TextLine>

          
          
          <TextLine ID="eSc_line_cefab665"
                    TAGREFS="LT744"
                    BASELINE="386 1900 2113 1892" 
                    HPOS="383"
                    VPOS="1819"
                    WIDTH="1730"
                    HEIGHT="93">
            <Shape><Polygon POINTS="2102 1834 1648 1819 1645 1819 1564 1834 1540 1819 1523 1819 1491 1837 1098 1822 1096 1822 863 1839 622 1825 619 1825 616 1825 613 1825 593 1839 534 1825 532 1825 529 1825 383 1842 386 1900 386 1912 2110 1903 2113 1892 2110 1866 2102 1834"/></Shape>
	    <String CONTENT="mento 14000 puntas 9204 cueros al pela, 322 mar¬"
                    HPOS="383"
                    VPOS="1819"
                    WIDTH="1730"
                    HEIGHT="93"></String>
          </TextLine>

          
          
          <TextLine ID="eSc_line_e605e008"
                    TAGREFS="LT744"
                    BASELINE="383 1976 2107 1970" 
                    HPOS="380"
                    VPOS="1898"
                    WIDTH="1727"
                    HEIGHT="93">
            <Shape><Polygon POINTS="1462 1898 1459 1898 1456 1898 1453 1898 1453 1900 1433 1918 1331 1906 1328 1906 1229 1921 1130 1900 1020 1900 1017 1900 1014 1900 1011 1900 994 1918 956 1900 953 1900 950 1900 947 1900 944 1900 944 1903 921 1924 869 1924 793 1900 790 1900 787 1900 784 1900 703 1921 645 1900 642 1900 639 1900 636 1900 596 1921 520 1900 517 1900 514 1900 380 1924 383 1976 383 1988 2102 1991 2107 1970 2104 1918 2072 1898 2070 1898 2067 1898 2064 1898 2061 1898 2003 1912 1895 1898 1892 1898 1889 1898 1886 1898 1886 1900 1866 1921 1805 1921 1616 1898 1613 1898 1523 1918 1465 1898 1462 1898"/></Shape>
	    <String CONTENT="quetas de sebo, 2 fardos cueros de caballos, 46 bul¬"
                    HPOS="380"
                    VPOS="1898"
                    WIDTH="1727"
                    HEIGHT="93"></String>
          </TextLine>

          
          
          <TextLine ID="eSc_line_26acdf7a"
                    TAGREFS="LT744"
                    BASELINE="386 2055 2113 2043" 
                    HPOS="383"
                    VPOS="1973"
                    WIDTH="1730"
                    HEIGHT="93">
            <Shape><Polygon POINTS="1692 1973 1680 1973 1677 1973 1663 1991 1619 1973 1616 1973 1613 1973 1610 1973 1572 1991 1410 1973 1407 1973 1404 1973 1401 1973 1401 1976 1383 1993 1305 1993 1250 1973 1226 1976 1212 1976 1029 1993 814 1976 811 1976 808 1976 735 1996 401 1982 398 1982 395 1982 392 1982 392 1985 389 1985 383 1988 386 2055 386 2066 2113 2055 2113 2043 2107 1991 1758 1991 1700 1973 1692 1973"/></Shape>
	    <String CONTENT="tos efectos, 1 barrica cuchillos, despachada para puer¬"
                    HPOS="383"
                    VPOS="1973"
                    WIDTH="1730"
                    HEIGHT="93"></String>
          </TextLine>

          
          
          <TextLine ID="eSc_line_bc5e92f9"
                    TAGREFS="LT744"
                    BASELINE="392 2124 2110 2130" 
                    HPOS="389"
                    VPOS="2055"
                    WIDTH="1721"
                    HEIGHT="101">
            <Shape><Polygon POINTS="610 2055 491 2072 409 2055 407 2055 404 2055 401 2055 401 2057 392 2066 392 2124 389 2133 459 2150 462 2150 465 2150 505 2139 520 2150 520 2153 523 2153 526 2153 529 2156 816 2156 816 2153 819 2153 822 2153 822 2150 837 2139 927 2153 930 2153 1040 2139 1049 2139 1069 2139 1351 2156 1354 2156 2107 2145 2110 2130 2107 2069 1828 2057 1825 2057 1822 2057 1788 2069 1773 2075 1767 2069 1756 2060 1756 2057 1753 2057 1750 2057 1677 2057 1674 2057 1671 2057 1645 2069 1633 2075 1613 2069 1572 2057 1569 2057 1567 2057 1386 2069 1349 2072 1331 2069 1224 2055 1221 2055 1218 2055 1215 2055 1215 2057 1200 2072 1197 2075 904 2075 883 2072 613 2055 610 2055"/></Shape>
	    <String CONTENT="tos extrangeros por su consignatario D. Santiago"
                    HPOS="389"
                    VPOS="2055"
                    WIDTH="1721"
                    HEIGHT="101"></String>
          </TextLine>

          
          
          <TextLine ID="eSc_line_cb265df1"
                    TAGREFS="LT744"
                    BASELINE="383 2209 723 2209" 
                    HPOS="383"
                    VPOS="2127"
                    WIDTH="340"
                    HEIGHT="96">
            <Shape><Polygon POINTS="517 2127 514 2127 500 2127 470 2127 441 2127 412 2127 401 2127 398 2127 395 2127 392 2127 392 2130 383 2139 383 2209 383 2223 723 2223 723 2209 723 2153 613 2153 607 2150 575 2133 572 2133 569 2133 566 2133 537 2145 520 2127 517 2127"/></Shape>
	    <String CONTENT="Bukanan."
                    HPOS="383"
                    VPOS="2127"
                    WIDTH="340"
                    HEIGHT="96"></String>
          </TextLine>

          
          
          <TextLine ID="eSc_line_504732fc"
                    TAGREFS="LT744"
                    BASELINE="424 2284 2122 2278" 
                    HPOS="421"
                    VPOS="2203"
                    WIDTH="1701"
                    HEIGHT="107">
            <Shape><Polygon POINTS="712 2211 683 2211 654 2211 625 2211 598 2211 581 2226 502 2211 479 2211 456 2211 421 2226 424 2284 424 2296 988 2310 991 2310 1183 2296 1200 2296 1206 2296 1264 2310 1267 2310 1270 2310 1375 2296 1404 2293 1450 2296 1607 2307 1610 2307 1613 2307 1648 2296 1657 2293 1663 2296 1697 2307 1700 2307 1703 2307 2119 2293 2122 2278 2116 2226 1540 2223 1450 2203 1447 2203 1444 2203 1398 2223 1308 2203 1305 2203 1302 2203 1299 2203 1273 2223 1218 2206 1215 2206 1212 2206 1209 2206 1206 2206 1206 2209 1186 2226 1110 2206 1107 2206 1104 2206 912 2223 825 2206 822 2206 819 2206 767 2226 750 2209 747 2209 744 2209 712 2206 712 2211"/></Shape>
	    <String CONTENT="En idem Bergantin ingles Venus que con pre¬"
                    HPOS="421"
                    VPOS="2203"
                    WIDTH="1701"
                    HEIGHT="107"></String>
          </TextLine>

          
          
          <TextLine ID="eSc_line_138341da"
                    TAGREFS="LT744"
                    BASELINE="383 2363 2113 2354" 
                    HPOS="380"
                    VPOS="2281"
                    WIDTH="1733"
                    HEIGHT="93">
            <Shape><Polygon POINTS="2046 2281 2043 2281 2003 2293 1982 2299 1968 2293 1942 2281 1939 2281 1936 2281 1933 2281 1930 2281 1913 2293 1904 2299 1898 2293 1872 2281 1869 2281 1866 2281 1863 2281 1860 2281 1846 2296 1837 2302 1761 2302 1735 2296 1648 2281 1645 2281 1642 2281 1639 2281 1616 2296 1613 2299 1610 2296 1581 2281 1578 2281 1575 2281 1572 2281 1569 2281 1569 2284 1555 2299 1532 2299 1267 2302 1261 2302 1212 2284 1209 2284 1206 2284 1203 2284 1200 2284 1180 2302 1177 2304 1067 2304 1067 2302 1020 2284 1017 2284 1014 2284 1011 2284 1008 2284 982 2302 828 2287 825 2287 822 2287 773 2304 721 2287 718 2287 715 2287 712 2287 665 2304 642 2287 639 2287 636 2287 427 2287 424 2287 421 2287 380 2304 383 2363 383 2374 2110 2368 2113 2354 2107 2293 2049 2281 2046 2281"/></Shape>
	    <String CONTENT="cedencia de Grenok anclo en estas balizas el 17 de"
                    HPOS="380"
                    VPOS="2281"
                    WIDTH="1733"
                    HEIGHT="93"></String>
          </TextLine>

          
          
          <TextLine ID="eSc_line_5bb88cb2"
                    TAGREFS="LT744"
                    BASELINE="383 2441 2113 2432" 
                    HPOS="380"
                    VPOS="2357"
                    WIDTH="1733"
                    HEIGHT="96">
            <Shape><Polygon POINTS="1796 2357 1793 2357 1776 2357 1747 2357 1726 2357 1724 2357 1721 2357 1718 2357 1718 2360 1695 2380 1648 2380 1599 2357 1596 2357 1593 2357 1590 2357 1523 2380 1447 2380 1430 2363 1430 2360 1427 2360 1424 2360 1421 2360 1331 2380 1308 2363 1308 2360 1305 2360 1302 2360 1299 2360 1171 2377 1098 2360 1096 2360 1093 2360 950 2383 659 2363 657 2363 654 2363 651 2363 630 2380 613 2366 613 2363 610 2363 607 2363 584 2363 555 2363 526 2363 497 2363 468 2363 439 2363 409 2363 401 2363 398 2363 395 2363 392 2363 392 2366 389 2366 380 2374 383 2441 383 2453 2110 2450 2113 2432 2107 2380 1825 2380 1799 2357 1796 2357"/></Shape>
	    <String CONTENT="febrero último su capitan M. Alexandro Mores, car¬"
                    HPOS="380"
                    VPOS="2357"
                    WIDTH="1733"
                    HEIGHT="96"></String>
          </TextLine>

          
          
          <TextLine ID="eSc_line_3018ac8e"
                    TAGREFS="LT744"
                    BASELINE="386 2520 2116 2520" 
                    HPOS="386"
                    VPOS="2438"
                    WIDTH="1730"
                    HEIGHT="102">
            <Shape><Polygon POINTS="1418 2438 1415 2438 1412 2438 1325 2461 1287 2438 1285 2438 1282 2438 1279 2438 1276 2438 1273 2438 1235 2464 950 2464 927 2441 910 2441 880 2441 851 2441 822 2441 793 2441 764 2441 735 2441 712 2464 674 2464 630 2441 619 2441 616 2441 598 2456 465 2444 462 2444 459 2444 404 2459 386 2499 386 2520 386 2540 2116 2531 2116 2520 2116 2461 2029 2438 2026 2438 1927 2438 1924 2438 1921 2438 1866 2461 1817 2438 1814 2438 1811 2438 1808 2438 1738 2456 1721 2441 1721 2438 1718 2438 1715 2438 1567 2438 1564 2438 1561 2438 1558 2438 1558 2441 1535 2464 1482 2464 1421 2438 1418 2438"/></Shape>
	    <String CONTENT="gamento 10000 cueros al pelo, 1525 id. salados,"
                    HPOS="386"
                    VPOS="2438"
                    WIDTH="1730"
                    HEIGHT="102"></String>
          </TextLine>

          
          
          <TextLine ID="eSc_line_dcce16a3"
                    TAGREFS="LT744"
                    BASELINE="389 2595 2116 2589" 
                    HPOS="386"
                    VPOS="2522"
                    WIDTH="1730"
                    HEIGHT="85">
            <Shape><Polygon POINTS="2014 2522 1997 2522 1974 2531 1930 2522 1927 2522 1898 2522 1869 2522 1863 2522 1840 2534 1587 2534 1575 2522 1549 2522 1520 2522 1491 2522 1462 2522 1433 2522 1404 2522 1401 2522 1389 2534 1247 2534 1194 2522 1171 2522 1142 2522 1139 2522 1098 2534 1087 2522 1084 2522 1055 2522 1052 2522 1020 2534 1005 2522 997 2522 968 2522 939 2522 921 2522 907 2537 854 2537 840 2522 822 2522 793 2522 764 2522 674 2531 534 2522 532 2522 502 2522 473 2522 444 2522 421 2522 386 2534 389 2595 389 2607 2113 2604 2116 2589 2110 2534 2052 2534 2040 2522 2014 2522"/></Shape>
	    <String CONTENT="1200 cuernos, 10 fardos, con 1000 cueros de caba¬"
                    HPOS="386"
                    VPOS="2522"
                    WIDTH="1730"
                    HEIGHT="85"></String>
          </TextLine>

          
          
          <TextLine ID="eSc_line_e8c4cc68"
                    TAGREFS="LT744"
                    BASELINE="386 2671 2113 2665" 
                    HPOS="383"
                    VPOS="2595"
                    WIDTH="1730"
                    HEIGHT="105">
            <Shape><Polygon POINTS="386 2671 386 2685 674 2700 677 2700 851 2691 939 2685 959 2691 991 2700 994 2700 997 2700 1084 2691 1151 2685 1189 2691 1229 2700 1232 2700 1328 2694 1465 2682 1881 2697 1927 2697 1930 2697 1939 2697 2035 2682 2107 2697 2113 2665 2104 2610 2009 2613 1997 2607 1974 2595 1971 2595 1968 2595 1898 2607 1866 2613 1854 2607 1831 2595 1828 2595 1825 2595 1741 2607 1692 2613 1642 2607 1572 2595 1569 2595 1494 2604 1439 2613 1398 2604 1351 2595 1349 2595 1279 2604 1194 2616 1130 2604 1101 2598 1098 2598 1043 2604 915 2616 895 2601 889 2598 886 2598 883 2598 564 2598 561 2598 558 2598 555 2598 552 2601 534 2613 520 2601 520 2598 517 2598 514 2598 511 2598 383 2598 386 2671"/></Shape>
	    <String CONTENT="llos despachado para puertos extrangeros por su"
                    HPOS="383"
                    VPOS="2595"
                    WIDTH="1730"
                    HEIGHT="105"></String>
          </TextLine>

          
          
          <TextLine ID="eSc_line_65f8c8a8"
                    TAGREFS="LT744"
                    BASELINE="386 2743 1645 2749" 
                    HPOS="383"
                    VPOS="2671"
                    WIDTH="1262"
                    HEIGHT="107">
            <Shape><Polygon POINTS="1014 2671 1011 2671 1008 2671 1005 2671 979 2688 912 2671 910 2671 907 2671 828 2688 799 2671 796 2671 793 2671 790 2671 671 2688 665 2688 657 2688 549 2671 546 2671 543 2671 511 2688 508 2688 386 2688 386 2743 383 2767 971 2761 976 2767 985 2772 985 2775 988 2775 991 2775 1279 2778 1282 2778 1642 2761 1645 2749 1645 2694 1569 2674 1567 2674 1564 2674 1561 2674 1514 2688 1311 2674 1308 2674 1305 2674 1302 2674 1302 2677 1285 2691 1285 2694 1189 2694 1183 2691 1128 2674 1125 2674 1122 2674 1119 2674 1081 2688 1017 2671 1014 2671"/></Shape>
	    <String CONTENT="consignatario D. Santingo Bukanan."
                    HPOS="383"
                    VPOS="2671"
                    WIDTH="1262"
                    HEIGHT="107"></String>
          </TextLine>

          
          
          <TextLine ID="eSc_line_70a0590e"
                    TAGREFS="LT744"
                    BASELINE="1101 2915 1360 2915" 
                    HPOS="1098"
                    VPOS="2825"
                    WIDTH="259"
                    HEIGHT="99">
            <Shape><Polygon POINTS="1098 2912 1098 2924 1357 2924 1357 2912 1357 2842 1241 2825 1238 2825 1098 2839 1098 2912"/></Shape>
	    <String CONTENT="DIA 9"
                    HPOS="1098"
                    VPOS="2825"
                    WIDTH="259"
                    HEIGHT="99"></String>
          </TextLine>

          
          
          <TextLine ID="eSc_line_7e6d0d70"
                    TAGREFS="LT744"
                    BASELINE="465 2985 2136 2983" 
                    HPOS="462"
                    VPOS="2912"
                    WIDTH="1672"
                    HEIGHT="99">
            <Shape><Polygon POINTS="462 2982 462 2993 584 3011 587 3011 735 2996 753 3011 755 3011 758 3011 761 3011 1128 2996 1462 3011 1465 3011 1979 2996 2043 3011 2046 3011 2049 3011 2134 2993 2134 2982 2134 2932 1404 2912 1401 2912 1398 2912 1363 2921 1337 2929 1305 2921 1276 2912 1273 2912 1270 2912 1200 2921 1113 2929 959 2918 892 2912 889 2912 851 2915 729 2929 700 2915 700 2912 697 2912 694 2912 691 2912 677 2912 593 2927 462 2912 462 2982"/></Shape>
	    <String CONTENT="Fragata portuguesa conde de Peniche que con"
                    HPOS="462"
                    VPOS="2912"
                    WIDTH="1672"
                    HEIGHT="99"></String>
          </TextLine>

          
        </TextBlock>
        
        <TextBlock HPOS="185"
                   VPOS="3017"
                   WIDTH="237"
                   HEIGHT="216"
                   ID="eSc_textblock_86e84cf1"
                   TAGREFS="BT1885">
          <Shape><Polygon POINTS="185 3017 185 3233 422 3233 422 3017"/></Shape>
          
          
          <TextLine ID="eSc_line_aa1c50b2"
                    TAGREFS="LT744"
                    BASELINE="195 3220 395 3223" 
                    HPOS="193"
                    VPOS="3019"
                    WIDTH="215"
                    HEIGHT="210">
            <Shape><Polygon POINTS="194 3229 389 3229 408 3021 376 3019 338 3035 305 3057 275 3047 234 3046 218 3046 197 3027 199 3073 193 3127 194 3150 194 3217"/></Shape>
	    <String CONTENT="86"
                    HPOS="193"
                    VPOS="3019"
                    WIDTH="215"
                    HEIGHT="210"></String>
          </TextLine>

          
        </TextBlock>
        

        
      </PrintSpace>
    </Page>
  </Layout>
</alto>
