2480 3488
392 369 1701 96 mi tremebundo desvelo jamas se olvida de las fa¬

392 444 1698 99 milias infelices, prohibe rigurosamente que los artesa¬

389 526 1704 96 nos y menestrales de cualesquiera oficio, así maestros,

386 601 1707 93 como oficiales y aprendices, y los jornaleros de

389 680 1701 96 toda clase, jueguen en dias y horas de trabajo,

386 755 1713 93 aunque sean juegos lícitos; entendiéndose por tiempo

386 831 1710 93 de ocupacion desde las seis de la manana hasta las

386 906 1713 93 doce del dia, y desde las dos de la tarde hasta la

377 991 1710 93 oracion de la noche: y en caso de contravencion,

383 1066 1710 90 si fueren sorprehendidos en juegos prohibidos, incur¬

386 1142 1716 102 riran en sus penas, y si permitidos, en diez dias

386 1223 1707 96 de carcel por la primera vez, veinte por la segunda,

392 1299 1704 84 y un año á trabajar á la carcel, si reincidieren.

389 1371 1704 91 Y como observo juegos indecentes, riñas y aun

383 1447 1704 110 puñaladas por las puertas de las pulperías, prohibo

383 1531 1704 90 toda especie de juego, aunque no sea prohibido,

383 1607 1707 87 en las tabernas ó pulperías, mesones y casas seme¬

383 1677 1698 104 jantes con responsabilidad rigurosa de los dueños ;

380 1758 1710 87 que incurrirán en las penas de juegos prohibidos.

389 1837 1692 95 Y si por desgracia, que se me hace imposible,

377 1909 1713 108 algun encargado de justicia incurriese en alguna

377 1982 1710 116 de las sobre dichas penas, quedará inhabilitado para

383 2066 1701 105 todo cargo público en adelante. Así se expresó

383 2142 1704 96 Tremebundo, miéntras el pueblo le oia con respe¬

383 2214 1701 96 tuosa atencion, y él observando su buena disposicion

377 2293 1707 110 á la reforma, le despidió enternecido, y prometién¬

377 2371 931 111 dole un porvenir lisonjero.

462 2444 1619 99 Uno se detenia sin embargo leyendo un papel

383 2525 1701 105 público, y esto excitó la curiosidad de Tremebundo,

383 2607 1701 87 hasta hacerle sacar su lente roxa y echar una vi¬

383 2685 1710 99 sual sobre el papel, cuyo título era la Prensa

383 2764 1704 110 Argentina. Pero como, advirtiese que en sus páginas

383 2839 1684 105 no faltaban errores ortográficos y de geografia y

389 2921 1689 116 que estos errores eran de tal naturalezà que daban

1215 305 75 72 7.

2029 3098 154 148 83
