<?xml version="1.0" encoding="UTF-8"?>
<alto xmlns:xsi="http://www.w3.org/2001/XMLSchema-instance"
      xmlns="http://www.loc.gov/standards/alto/ns-v4#"
      xsi:schemaLocation="http://www.loc.gov/standards/alto/ns-v4# http://www.loc.gov/standards/alto/v4/alto-4-2.xsd">
  <Description>
    <MeasurementUnit>pixel</MeasurementUnit>
    <sourceImageInformation>
      <fileName>Delirio II, en La prensa argentina 18 jun 1816_page-0009.jpg</fileName>
    </sourceImageInformation>
  </Description>
  <Tags>
    <OtherTag ID="BT7" LABEL="CustomZone" DESCRIPTION="block type CustomZone"/><OtherTag ID="BT8" LABEL="DamageZone" DESCRIPTION="block type DamageZone"/><OtherTag ID="BT9" LABEL="DigitizationArtefactZone" DESCRIPTION="block type DigitizationArtefactZone"/><OtherTag ID="BT10" LABEL="DropCapitalZone" DESCRIPTION="block type DropCapitalZone"/><OtherTag ID="BT11" LABEL="GraphicZone" DESCRIPTION="block type GraphicZone"/><OtherTag ID="BT12" LABEL="MainZone" DESCRIPTION="block type MainZone"/><OtherTag ID="BT13" LABEL="MarginTextZone" DESCRIPTION="block type MarginTextZone"/><OtherTag ID="BT14" LABEL="MusicZone" DESCRIPTION="block type MusicZone"/><OtherTag ID="BT15" LABEL="NumberingZone" DESCRIPTION="block type NumberingZone"/><OtherTag ID="BT17" LABEL="QuireMarksZone" DESCRIPTION="block type QuireMarksZone"/><OtherTag ID="BT18" LABEL="RunningTitleZone" DESCRIPTION="block type RunningTitleZone"/><OtherTag ID="BT19" LABEL="SealZone" DESCRIPTION="block type SealZone"/><OtherTag ID="BT20" LABEL="StampZone" DESCRIPTION="block type StampZone"/><OtherTag ID="BT21" LABEL="TableZone" DESCRIPTION="block type TableZone"/><OtherTag ID="BT22" LABEL="TitlePageZone" DESCRIPTION="block type TitlePageZone"/><OtherTag ID="BT39" LABEL="CustomZone:CuratorNumbering" DESCRIPTION="block type CustomZone:CuratorNumbering"/><OtherTag ID="BT40" LABEL="CustomZone:advertising" DESCRIPTION="block type CustomZone:advertising"/>
    <OtherTag ID="LT7" LABEL="CustomLine" DESCRIPTION="line type CustomLine"/><OtherTag ID="LT8" LABEL="DefaultLine" DESCRIPTION="line type DefaultLine"/><OtherTag ID="LT9" LABEL="DropCapitalLine" DESCRIPTION="line type DropCapitalLine"/><OtherTag ID="LT10" LABEL="HeadingLine" DESCRIPTION="line type HeadingLine"/><OtherTag ID="LT11" LABEL="InterlinearLine" DESCRIPTION="line type InterlinearLine"/><OtherTag ID="LT12" LABEL="MusicLine" DESCRIPTION="line type MusicLine"/>
  </Tags>
  <Layout>
    <Page WIDTH="2480"
          HEIGHT="3488"
          PHYSICAL_IMG_NR="8"
          ID="eSc_dummypage_">
      <PrintSpace HPOS="0"
                  VPOS="0"
                  WIDTH="2480"
                  HEIGHT="3488">
        <TextBlock HPOS="349.0"
                   VPOS="366.0"
                   WIDTH="1752.0"
                   HEIGHT="2644.0"
                   ID="eSc_textblock_9f8b2be8"
                   TAGREFS="BT12">
          <Shape><Polygon POINTS="349 2995 371 374 2101 366 2101 3010"/></Shape>
          <TextLine ID="eSc_line_a921b360"
                    TAGREFS="LT8"
                    BASELINE="386 436 2096 430" 
                    HPOS="383"
                    VPOS="351"
                    WIDTH="1713"
                    HEIGHT="93">
            <Shape><Polygon POINTS="2070 369 2040 369 2029 369 2011 369 1982 366 1953 366 1924 366 1904 363 1895 372 1881 363 1866 363 1846 363 1822 372 1767 360 1750 360 1721 357 1703 357 1700 360 1686 374 1633 374 1601 360 1584 354 1575 354 1561 354 1543 363 1520 372 1500 363 1476 351 1474 351 1471 351 1415 363 1404 366 1395 363 1366 351 1363 351 1360 351 1357 351 1354 351 1337 366 1328 372 1314 366 1287 351 1285 357 1255 357 1250 357 1209 366 1174 374 1145 369 1096 354 1093 354 1090 354 1087 354 1035 369 1014 377 822 377 814 372 784 363 761 363 732 366 712 366 686 374 674 369 645 369 616 369 613 374 584 372 558 374 529 374 500 377 470 377 441 377 412 380 383 380 386 436 386 441 2093 444 2096 430 2084 369 2070 369"/></Shape>
	    <String CONTENT="último ¿como se sufre este baño de inmoralidad"
                    HPOS="383"
                    VPOS="351"
                    WIDTH="1713"
                    HEIGHT="93"></String>
          </TextLine>
          <TextLine ID="eSc_line_6b0836f4"
                    TAGREFS="LT8"
                    BASELINE="383 514 2087 508" 
                    HPOS="380"
                    VPOS="433"
                    WIDTH="1707"
                    HEIGHT="90">
            <Shape><Polygon POINTS="2040 433 2038 433 2035 433 2032 433 2003 456 1898 456 1869 433 1866 433 1863 433 1860 433 1857 433 1817 450 1753 433 1750 433 1747 433 1744 433 1741 433 1715 450 1625 433 1622 433 1619 433 1616 433 1593 453 1529 433 1526 433 1523 433 1520 433 1476 453 1447 433 1444 433 1442 433 1427 433 1398 433 1369 433 1340 433 1311 433 1305 433 1302 433 1299 433 1226 456 1096 436 1093 436 1090 436 1037 459 889 459 869 438 869 436 866 436 863 436 860 436 857 436 816 450 689 436 686 436 683 436 680 436 651 459 380 459 383 514 383 523 2084 520 2087 508 2084 456 2043 433 2040 433"/></Shape>
	    <String CONTENT="en una ciudad que hace alarde de ilustrada y de"
                    HPOS="380"
                    VPOS="433"
                    WIDTH="1707"
                    HEIGHT="90"></String>
          </TextLine>
          <TextLine ID="eSc_line_999d2713"
                    TAGREFS="LT8"
                    BASELINE="380 590 2090 581" 
                    HPOS="377"
                    VPOS="511"
                    WIDTH="1713"
                    HEIGHT="87">
            <Shape><Polygon POINTS="2006 511 1991 511 1968 523 1892 511 1889 511 1860 511 1834 511 1811 523 1785 511 1773 511 1753 511 1729 523 1712 511 1686 511 1657 511 1628 511 1599 511 1584 511 1561 523 1532 511 1511 511 1500 511 1474 526 1442 511 1424 511 1415 511 1357 529 1157 529 1104 514 1075 514 1046 514 1037 514 973 523 959 514 930 514 915 526 898 514 878 514 846 531 732 531 694 514 671 514 651 529 488 514 465 514 439 514 377 531 380 590 380 598 2087 592 2090 581 2087 526 2035 511"/></Shape>
	    <String CONTENT="cristiana? y si hay un censor que debe haber de¬"
                    HPOS="377"
                    VPOS="511"
                    WIDTH="1713"
                    HEIGHT="87"></String>
          </TextLine>
          <TextLine ID="eSc_line_3911cb5b"
                    TAGREFS="LT8"
                    BASELINE="380 665 2093 659" 
                    HPOS="377"
                    VPOS="587"
                    WIDTH="1716"
                    HEIGHT="87">
            <Shape><Polygon POINTS="1232 587 1229 587 1226 587 1226 590 1224 590 1212 604 1186 590 1183 590 1180 590 645 604 584 590 581 590 578 590 575 590 532 604 418 590 415 590 412 590 377 604 380 665 380 674 2090 671 2093 659 2087 604 1540 587 1538 587 1337 601 1235 587 1232 587"/></Shape>
	    <String CONTENT="clamado contra excesos tan reprehensibles ¿como"
                    HPOS="377"
                    VPOS="587"
                    WIDTH="1716"
                    HEIGHT="87"></String>
          </TextLine>
          <TextLine ID="eSc_line_967caa35"
                    TAGREFS="LT8"
                    BASELINE="375 741 2081 735" 
                    HPOS="372"
                    VPOS="662"
                    WIDTH="1709"
                    HEIGHT="90">
            <Shape><Polygon POINTS="2038 662 2035 662 1959 677 1915 662 1913 662 1910 662 1907 662 1840 683 1442 683 1418 662 1415 662 1412 662 1389 662 1360 662 1331 662 1302 662 1299 662 1296 662 1293 662 1273 680 1229 662 1215 665 1209 665 1192 683 1154 665 1151 665 1148 665 1017 683 971 665 968 665 965 665 962 665 959 665 939 683 843 665 840 665 837 665 767 683 694 665 691 665 689 665 686 665 645 683 587 665 584 665 581 665 578 665 575 665 575 668 558 685 372 685 375 741 375 752 2078 747 2081 735 2078 683 2040 662 2038 662"/></Shape>
	    <String CONTENT="no se le ha oido? y la policía como no extiende"
                    HPOS="372"
                    VPOS="662"
                    WIDTH="1709"
                    HEIGHT="90"></String>
          </TextLine>
          <TextLine ID="eSc_line_65394b38"
                    TAGREFS="LT8"
                    BASELINE="380 819 2090 813" 
                    HPOS="377"
                    VPOS="741"
                    WIDTH="1713"
                    HEIGHT="87">
            <Shape><Polygon POINTS="380 819 380 828 2087 825 2090 813 2087 761 2038 741 2035 741 2032 741 1904 758 1883 741 1881 741 1878 741 1805 741 1802 741 1799 741 1796 741 1796 744 1779 761 1718 761 1671 741 1668 741 1665 741 1663 741 1660 741 1660 744 1645 758 1610 741 1607 741 1604 741 1415 755 1293 741 1290 741 1287 741 1285 741 1285 744 1267 758 1180 744 1177 744 1174 744 1171 744 1142 761 1069 744 1067 744 1064 744 1061 744 1058 744 1040 761 880 761 857 744 854 744 851 744 848 744 846 744 799 761 741 744 738 744 569 744 566 744 564 744 526 764 377 764 380 819"/></Shape>
	    <String CONTENT="sus cuidados á asunto tan importante? ¿Necesita"
                    HPOS="377"
                    VPOS="741"
                    WIDTH="1713"
                    HEIGHT="87"></String>
          </TextLine>
          <TextLine ID="eSc_line_a6ba7833"
                    TAGREFS="LT8"
                    BASELINE="375 895 2084 886" 
                    HPOS="372"
                    VPOS="816"
                    WIDTH="1712"
                    HEIGHT="87">
            <Shape><Polygon POINTS="2046 816 2043 816 2040 816 2014 831 2000 816 1997 816 1994 816 1991 816 1988 816 1942 834 1747 834 1651 834 1651 831 1613 816 1610 816 1607 816 1476 831 1444 834 1412 831 1305 819 1302 819 1183 831 1128 834 1008 828 840 822 837 822 834 822 831 822 831 825 825 828 816 837 372 828 375 895 375 903 2084 895 2084 886 2081 834 2049 816 2046 816"/></Shape>
	    <String CONTENT=" la naturaleza humana pábulos incitativos que antici¬"
                    HPOS="372"
                    VPOS="816"
                    WIDTH="1712"
                    HEIGHT="87"></String>
          </TextLine>
          <TextLine ID="eSc_line_c4710a66"
                    TAGREFS="LT8"
                    BASELINE="383 973 2084 965" 
                    HPOS="380"
                    VPOS="895"
                    WIDTH="1704"
                    HEIGHT="101">
            <Shape><Polygon POINTS="383 973 383 996 2081 979 2084 965 2072 895 2023 909 1886 898 1849 895 1846 895 1825 898 1770 909 1758 901 1753 895 1750 895 1747 895 1744 895 1654 901 1476 915 1354 906 1241 898 1238 898 1174 909 1142 915 1130 909 1107 898 1104 898 1101 898 1098 898 1096 898 1096 901 1084 912 1078 915 1032 912 904 901 901 901 680 918 657 918 642 918 441 906 439 906 436 906 380 921 383 973"/></Shape>
	    <String CONTENT="pen su propension, y estimulen sus sentimientos?"
                    HPOS="380"
                    VPOS="895"
                    WIDTH="1704"
                    HEIGHT="101"></String>
          </TextLine>
          <TextLine ID="eSc_line_5cbc4a3a"
                    TAGREFS="LT8"
                    BASELINE="386 1046 2096 1046" 
                    HPOS="386"
                    VPOS="973"
                    WIDTH="1710"
                    HEIGHT="85">
            <Shape><Polygon POINTS="915 973 767 996 753 996 741 996 639 973 636 973 633 973 630 973 630 976 616 991 386 996 386 1046 386 1055 2093 1058 2096 1046 2096 988 2020 973 2017 973 2014 973 2011 973 1994 988 1985 994 1968 988 1930 973 1927 973 1924 973 1921 973 1918 973 1898 988 1886 996 1834 988 1741 973 1738 973 1517 991 1433 996 1421 991 1398 973 1395 973 1392 973 1215 973 1212 973 1209 973 1206 973 1177 994 1171 996 1162 994 1119 973 1116 973 1113 973 1110 973 1107 973 1107 976 1087 994 1081 999 1040 999 1020 994 918 973 915 973"/></Shape>
	    <String CONTENT="Y vosotros, padres de familia, preceptores de la"
                    HPOS="386"
                    VPOS="973"
                    WIDTH="1710"
                    HEIGHT="85"></String>
          </TextLine>
          <TextLine ID="eSc_line_b07e14d8"
                    TAGREFS="LT8"
                    BASELINE="389 1127 2099 1116" 
                    HPOS="386"
                    VPOS="1049"
                    WIDTH="1713"
                    HEIGHT="99">
            <Shape><Polygon POINTS="1927 1049 1898 1049 1869 1049 1846 1049 1822 1058 1796 1049 1782 1049 1758 1049 1741 1058 1729 1049 1724 1049 1695 1049 1665 1060 1663 1060 1657 1060 1578 1049 1578 1049 1552 1049 1538 1060 1538 1063 1328 1063 1328 1060 1290 1049 1287 1049 1261 1049 1212 1063 1203 1063 1194 1063 1151 1049 1148 1049 1145 1049 971 1063 950 1063 941 1063 860 1049 857 1049 854 1049 805 1063 790 1069 691 1069 689 1063 677 1055 677 1052 674 1052 671 1052 668 1052 386 1063 389 1127 389 1148 2099 1133 2099 1116 2093 1060 1942 1049 1927 1049"/></Shape>
	    <String CONTENT="juventud, maridos indiferentes ¿que haceis? Al con¬"
                    HPOS="386"
                    VPOS="1049"
                    WIDTH="1713"
                    HEIGHT="99"></String>
          </TextLine>
          <TextLine ID="eSc_line_d8ffaacb"
                    TAGREFS="LT8"
                    BASELINE="380 1203 2084 1191" 
                    HPOS="377"
                    VPOS="1121"
                    WIDTH="1707"
                    HEIGHT="93">
            <Shape><Polygon POINTS="380 1203 380 1214 2081 1209 2084 1191 2078 1142 1770 1121 1767 1121 1764 1121 1761 1121 1761 1124 1744 1142 1532 1142 1468 1124 1465 1124 1462 1124 1346 1142 1229 1124 1226 1124 1224 1124 1142 1145 744 1130 741 1130 738 1130 694 1148 645 1130 642 1130 639 1130 543 1148 517 1130 514 1130 511 1130 415 1130 412 1130 409 1130 407 1130 377 1148 380 1203"/></Shape>
	    <String CONTENT="cluir este discurso, se viéron salir como del centro"
                    HPOS="377"
                    VPOS="1121"
                    WIDTH="1707"
                    HEIGHT="93"></String>
          </TextLine>
          <TextLine ID="eSc_line_87ec5644"
                    TAGREFS="LT8"
                    BASELINE="377 1276 2078 1276" 
                    HPOS="377"
                    VPOS="1203"
                    WIDTH="1701"
                    HEIGHT="93">
            <Shape><Polygon POINTS="494 1203 491 1203 488 1203 453 1220 404 1203 401 1203 398 1203 395 1203 392 1203 377 1214 377 1276 377 1284 2075 1296 2078 1276 2078 1223 1840 1223 1799 1203 1796 1203 1793 1203 1790 1203 1747 1220 1695 1203 1692 1203 1689 1203 1334 1220 1203 1203 1200 1203 1197 1203 1168 1217 1145 1203 1142 1203 1139 1203 1136 1203 1133 1203 1061 1220 918 1203 915 1203 834 1223 552 1223 497 1203 494 1203"/></Shape>
	    <String CONTENT="de las aguas extensas y bien construidàs barracas,"
                    HPOS="377"
                    VPOS="1203"
                    WIDTH="1701"
                    HEIGHT="93"></String>
          </TextLine>
          <TextLine ID="eSc_line_593c0030"
                    TAGREFS="LT8"
                    BASELINE="380 1354 2087 1345" 
                    HPOS="377"
                    VPOS="1278"
                    WIDTH="1710"
                    HEIGHT="88">
            <Shape><Polygon POINTS="1977 1278 1968 1278 1910 1293 1726 1278 1715 1278 1686 1278 1674 1278 1601 1293 1564 1278 1543 1278 1508 1296 1418 1278 1415 1278 1412 1278 1363 1296 700 1281 697 1281 694 1281 691 1281 691 1284 674 1299 398 1281 395 1281 392 1281 389 1281 389 1284 386 1284 377 1293 380 1354 380 1366 2087 1366 2087 1345 2081 1296 1997 1278 1977 1278"/></Shape>
	    <String CONTENT="donde se bañaban con separacion hombres, niños"
                    HPOS="377"
                    VPOS="1278"
                    WIDTH="1710"
                    HEIGHT="88"></String>
          </TextLine>
          <TextLine ID="eSc_line_ebdfe5d6"
                    TAGREFS="LT8"
                    BASELINE="377 1430 2084 1424" 
                    HPOS="375"
                    VPOS="1360"
                    WIDTH="1709"
                    HEIGHT="96">
            <Shape><Polygon POINTS="377 1430 377 1441 912 1456 915 1456 1067 1441 1069 1441 1075 1441 1209 1456 1212 1456 1337 1441 1439 1453 1442 1453 1444 1453 1447 1453 1447 1450 1459 1441 1476 1453 1479 1453 1482 1453 1485 1453 2081 1435 2084 1424 2078 1377 1854 1360 1852 1360 1747 1374 1689 1360 1686 1360 1683 1360 1424 1374 1369 1360 1366 1360 1363 1360 1162 1377 430 1366 427 1366 424 1366 375 1380 377 1430"/></Shape>
	    <String CONTENT="varones, y mugeres en general, pagando cada uno"
                    HPOS="375"
                    VPOS="1360"
                    WIDTH="1709"
                    HEIGHT="96"></String>
          </TextLine>
          <TextLine ID="eSc_line_35817efb"
                    TAGREFS="LT8"
                    BASELINE="372 1508 2078 1502" 
                    HPOS="369"
                    VPOS="1427"
                    WIDTH="1709"
                    HEIGHT="96">
            <Shape><Polygon POINTS="372 1508 372 1520 2072 1523 2078 1502 2067 1427 2006 1453 1857 1453 1828 1430 1825 1430 1822 1430 1820 1430 1796 1430 1604 1450 1561 1435 1546 1430 1543 1430 1540 1430 1538 1430 1535 1430 1529 1435 1517 1447 1485 1435 1465 1430 1462 1430 1459 1430 1456 1430 1439 1435 1412 1450 1398 1438 1389 1430 1386 1430 1383 1430 1287 1430 1285 1430 1235 1441 1203 1447 1174 1441 1133 1432 1130 1432 1128 1432 1125 1432 1125 1435 1116 1441 1110 1450 1101 1441 1093 1435 1093 1432 1090 1432 1087 1432 1084 1432 1081 1432 1078 1432 1064 1444 1049 1453 968 1444 857 1432 854 1432 770 1447 738 1453 723 1447 677 1432 674 1432 671 1432 668 1432 665 1432 645 1450 642 1453 636 1450 593 1432 590 1432 587 1432 369 1453 372 1508"/></Shape>
	    <String CONTENT="un real de entrada á beneficio de la policía, y al"
                    HPOS="369"
                    VPOS="1427"
                    WIDTH="1709"
                    HEIGHT="96"></String>
          </TextLine>
          <TextLine ID="eSc_line_87f9d875"
                    TAGREFS="LT8"
                    BASELINE="372 1584 2072 1575" 
                    HPOS="369"
                    VPOS="1508"
                    WIDTH="1703"
                    HEIGHT="87">
            <Shape><Polygon POINTS="372 1584 372 1595 2070 1592 2072 1575 2067 1526 1671 1508 1668 1508 1665 1508 1631 1523 1569 1508 1567 1508 1564 1508 1479 1526 1069 1511 1067 1511 1064 1511 1061 1511 1035 1526 721 1514 718 1514 715 1514 677 1531 369 1531 372 1584"/></Shape>
	    <String CONTENT="que no podia pagar el real se le mandó bañar á una"
                    HPOS="369"
                    VPOS="1508"
                    WIDTH="1703"
                    HEIGHT="87"></String>
          </TextLine>
          <TextLine ID="eSc_line_caf868c3"
                    TAGREFS="LT8"
                    BASELINE="366 1659 2058 1653" 
                    HPOS="363"
                    VPOS="1581"
                    WIDTH="1695"
                    HEIGHT="90">
            <Shape><Polygon POINTS="1366 1581 1363 1581 1360 1581 1337 1592 1325 1598 1308 1592 1276 1581 1273 1581 1270 1581 1267 1581 1264 1581 1264 1584 1255 1592 1247 1601 1168 1601 1119 1589 1087 1584 1084 1584 1081 1584 1067 1589 1040 1601 1005 1589 988 1584 985 1584 982 1584 979 1584 968 1589 944 1601 924 1589 915 1584 912 1584 910 1584 907 1584 904 1584 883 1589 848 1598 831 1589 825 1584 822 1584 819 1584 816 1584 814 1584 811 1584 805 1589 787 1601 732 1587 709 1584 706 1584 703 1584 691 1587 659 1601 627 1587 619 1584 616 1584 613 1584 610 1584 596 1587 540 1601 363 1587 366 1659 366 1671 2055 1668 2058 1653 2052 1598 1945 1581 1942 1581 1799 1595 1764 1598 1761 1595 1747 1584 1747 1581 1744 1581 1741 1581 1668 1581 1665 1581 1663 1581 1660 1581 1660 1584 1648 1595 1642 1601 1587 1601 1581 1592 1569 1584 1569 1581 1567 1581 1564 1581 1561 1581 1558 1581 1555 1581 1535 1592 1532 1595 1529 1592 1506 1581 1503 1581 1500 1581 1442 1592 1415 1598 1398 1592 1369 1581 1366 1581"/></Shape>
	    <String CONTENT="legua de la ciudad, fuera de la vista del público:"
                    HPOS="363"
                    VPOS="1581"
                    WIDTH="1695"
                    HEIGHT="90"></String>
          </TextLine>
          <TextLine ID="eSc_line_59207287"
                    TAGREFS="LT8"
                    BASELINE="369 1735 2000 1729" 
                    HPOS="366"
                    VPOS="1662"
                    WIDTH="1634"
                    HEIGHT="87">
            <Shape><Polygon POINTS="369 1735 369 1749 1997 1744 2000 1729 1994 1680 1328 1662 1325 1662 1322 1662 1319 1662 1319 1665 1305 1677 540 1665 537 1665 534 1665 532 1665 508 1680 380 1665 377 1665 375 1665 372 1665 372 1668 369 1668 366 1671 369 1735"/></Shape>
	    <String CONTENT="todo baxo penas executivas á los contraventores."
                    HPOS="366"
                    VPOS="1662"
                    WIDTH="1634"
                    HEIGHT="87"></String>
          </TextLine>
          <TextLine ID="eSc_line_24384328"
                    TAGREFS="LT8"
                    BASELINE="450 1813 2087 1807" 
                    HPOS="447"
                    VPOS="1735"
                    WIDTH="1640"
                    HEIGHT="96">
            <Shape><Polygon POINTS="450 1813 450 1831 2084 1819 2087 1807 2081 1755 1497 1735 1494 1735 1491 1735 1488 1735 1465 1752 1287 1735 1285 1735 1282 1735 1279 1735 1279 1738 1255 1755 1177 1738 1174 1738 1043 1755 953 1738 950 1738 947 1738 875 1755 834 1738 831 1738 828 1738 825 1738 790 1755 691 1738 689 1738 517 1755 479 1738 476 1738 473 1738 470 1738 468 1738 447 1752 450 1813"/></Shape>
	    <String CONTENT="A renglon seguido quiso Tremebundo hacer una"
                    HPOS="447"
                    VPOS="1735"
                    WIDTH="1640"
                    HEIGHT="96"></String>
          </TextLine>
          <TextLine ID="eSc_line_1165da10"
                    TAGREFS="LT8"
                    BASELINE="377 1886 2087 1892" 
                    HPOS="375"
                    VPOS="1813"
                    WIDTH="1712"
                    HEIGHT="102">
            <Shape><Polygon POINTS="1229 1813 1165 1825 1154 1828 1142 1825 1098 1813 1096 1813 1093 1813 1090 1813 1058 1825 1049 1828 377 1822 377 1886 375 1895 1468 1915 1471 1915 2084 1900 2087 1892 2084 1834 1977 1816 1974 1816 1689 1831 1636 1831 1569 1828 1232 1813 1229 1813"/></Shape>
	    <String CONTENT="visita á las boticas, hospitales &amp;; pero abandonó su"
                    HPOS="375"
                    VPOS="1813"
                    WIDTH="1712"
                    HEIGHT="102"></String>
          </TextLine>
          <TextLine ID="eSc_line_3391a70b"
                    TAGREFS="LT8"
                    BASELINE="377 1967 1232 1967" 
                    HPOS="377"
                    VPOS="1895"
                    WIDTH="855"
                    HEIGHT="87">
            <Shape><Polygon POINTS="377 1967 377 1982 1232 1982 1232 1967 1232 1915 1049 1915 1040 1912 985 1895 982 1895 979 1895 976 1895 933 1909 921 1912 907 1909 848 1895 846 1895 843 1895 840 1895 799 1906 790 1909 779 1906 712 1895 709 1895 706 1895 703 1895 703 1898 691 1906 686 1912 659 1906 607 1895 604 1895 601 1895 572 1903 555 1909 377 1903 377 1967"/></Shape>
	    <String CONTENT="intencion hasta otra vez."
                    HPOS="377"
                    VPOS="1895"
                    WIDTH="855"
                    HEIGHT="87"></String>
          </TextLine>
          <TextLine ID="eSc_line_2268423a"
                    TAGREFS="LT8"
                    BASELINE="444 2043 2093 2043" 
                    HPOS="444"
                    VPOS="1964"
                    WIDTH="1649"
                    HEIGHT="102">
            <Shape><Polygon POINTS="1229 1970 1203 1970 1186 1988 1122 1988 1037 1970 1026 1970 997 1970 991 1970 959 1985 918 1970 910 1970 880 1970 851 1985 712 1970 706 1970 677 1970 674 1970 642 1988 534 1988 485 1970 473 1970 450 1970 444 1976 444 2043 444 2055 2090 2066 2093 2043 2093 1985 2049 1964 2046 1964 2043 1964 2040 1964 1994 1979 1898 1964 1895 1964 1892 1964 1843 1985 1817 1964 1814 1964 1811 1964 1808 1964 1805 1964 1753 1982 1712 1964 1709 1964 1706 1964 1703 1964 1700 1964 1700 1967 1680 1985 1567 1964 1564 1964 1561 1964 1514 1985 1453 1964 1450 1964 1447 1964 1346 1982 1293 1964 1290 1964 1287 1964 1285 1964 1282 1964 1282 1967 1267 1979 1229 1967 1229 1970"/></Shape>
	    <String CONTENT="Con esto quedó Ileno de satisfaccion, y dando un"
                    HPOS="444"
                    VPOS="1964"
                    WIDTH="1649"
                    HEIGHT="102"></String>
          </TextLine>
          <TextLine ID="eSc_line_6d43452f"
                    TAGREFS="LT8"
                    BASELINE="369 2118 2087 2118" 
                    HPOS="369"
                    VPOS="2046"
                    WIDTH="1718"
                    HEIGHT="102">
            <Shape><Polygon POINTS="2046 2046 2043 2046 2040 2046 1979 2060 1913 2046 1910 2046 1907 2046 1875 2060 1790 2046 1788 2046 1785 2046 1744 2060 1692 2046 1689 2046 1686 2046 1683 2046 1680 2046 1680 2049 1665 2063 1485 2063 1436 2046 1433 2046 1430 2046 1427 2046 1424 2046 1424 2049 1410 2060 1279 2046 1276 2046 1273 2046 1224 2060 1136 2046 1133 2046 1130 2046 1081 2060 1014 2046 1011 2046 1008 2046 971 2060 915 2046 912 2046 910 2046 793 2060 729 2046 726 2046 723 2046 721 2046 718 2046 697 2060 590 2046 587 2046 584 2046 532 2060 476 2046 473 2046 470 2046 369 2060 369 2118 369 2130 424 2148 427 2148 430 2148 537 2133 782 2148 784 2148 787 2148 848 2133 892 2148 895 2148 898 2148 1072 2133 1090 2148 1093 2148 1096 2148 1098 2148 2087 2130 2087 2118 2087 2060 2049 2046 2046 2046"/></Shape>
	    <String CONTENT="soplo benéfico quedó plantificada una insigne uni¬"
                    HPOS="369"
                    VPOS="2046"
                    WIDTH="1718"
                    HEIGHT="102"></String>
          </TextLine>
          <TextLine ID="eSc_line_8bd4a427"
                    TAGREFS="LT8"
                    BASELINE="377 2194 2096 2200" 
                    HPOS="375"
                    VPOS="2121"
                    WIDTH="1721"
                    HEIGHT="88">
            <Shape><Polygon POINTS="2043 2121 2040 2121 2038 2121 1991 2139 1913 2121 1910 2121 1907 2121 1904 2121 1878 2142 1779 2121 1776 2121 1773 2121 1721 2136 1668 2121 1665 2121 1663 2121 1660 2121 1657 2121 1657 2124 1636 2142 1628 2142 1453 2121 1450 2121 1447 2121 1444 2121 1444 2124 1430 2139 1369 2139 1296 2142 1287 2139 1232 2121 1221 2121 1192 2121 1162 2121 1157 2121 1136 2139 1046 2121 1046 2121 1017 2121 1008 2121 889 2139 869 2142 654 2142 651 2136 633 2121 613 2121 593 2136 590 2139 587 2136 569 2121 552 2121 523 2121 500 2121 482 2136 476 2139 377 2136 377 2194 375 2203 2090 2209 2096 2200 2096 2145 2046 2121 2043 2121"/></Shape>
	    <String CONTENT="versidad, con cátedras bien servidas, inclusa la de"
                    HPOS="375"
                    VPOS="2121"
                    WIDTH="1721"
                    HEIGHT="88"></String>
          </TextLine>
          <TextLine ID="eSc_line_0e85ee1f"
                    TAGREFS="LT8"
                    BASELINE="372 2275 2087 2275" 
                    HPOS="372"
                    VPOS="2200"
                    WIDTH="1715"
                    HEIGHT="90">
            <Shape><Polygon POINTS="2038 2200 2035 2200 1886 2217 1860 2200 1857 2200 1854 2200 1852 2200 1157 2217 1064 2200 1061 2200 1058 2200 1055 2200 1055 2203 1037 2217 959 2203 956 2203 953 2203 950 2203 933 2220 779 2220 674 2200 671 2200 668 2200 593 2217 488 2200 485 2200 372 2217 372 2275 372 2290 2087 2290 2087 2275 2087 2217 2040 2200 2038 2200"/></Shape>
	    <String CONTENT="matemáticas ; y tambien quedó establecida aquella"
                    HPOS="372"
                    VPOS="2200"
                    WIDTH="1715"
                    HEIGHT="90"></String>
          </TextLine>
          <TextLine ID="eSc_line_407bf1c6"
                    TAGREFS="LT8"
                    BASELINE="366 2351 2093 2351" 
                    HPOS="366"
                    VPOS="2290"
                    WIDTH="1727"
                    HEIGHT="78">
            <Shape><Polygon POINTS="366 2351 366 2368 2093 2368 2093 2351 2090 2290 366 2290 366 2351"/></Shape>
	    <String CONTENT="famosa sociedad filantrópica con su escuela central"
                    HPOS="366"
                    VPOS="2290"
                    WIDTH="1727"
                    HEIGHT="78"></String>
          </TextLine>
          <TextLine ID="eSc_line_810ef89d"
                    TAGREFS="LT8"
                    BASELINE="369 2432 2093 2427" 
                    HPOS="366"
                    VPOS="2357"
                    WIDTH="1727"
                    HEIGHT="87">
            <Shape><Polygon POINTS="369 2432 369 2444 2090 2441 2093 2427 2087 2368 1607 2357 1604 2357 1601 2357 1599 2357 1599 2360 1587 2371 1584 2374 1465 2374 1450 2371 1317 2357 1314 2357 1235 2371 1221 2374 1183 2374 959 2360 956 2360 953 2360 950 2360 950 2363 936 2374 936 2377 828 2377 825 2374 729 2360 726 2360 723 2360 694 2374 604 2360 601 2360 366 2377 369 2432"/></Shape>
	    <String CONTENT="cuya atencion se descuida, porque se desconocen sus"
                    HPOS="366"
                    VPOS="2357"
                    WIDTH="1727"
                    HEIGHT="87"></String>
          </TextLine>
          <TextLine ID="eSc_line_868fcd5d"
                    TAGREFS="LT8"
                    BASELINE="369 2508 2084 2502" 
                    HPOS="366"
                    VPOS="2432"
                    WIDTH="1718"
                    HEIGHT="88">
            <Shape><Polygon POINTS="369 2508 369 2520 2081 2514 2084 2502 2081 2450 2049 2432 2046 2432 2043 2432 2040 2432 1875 2453 1820 2453 1802 2453 1802 2450 1785 2435 1785 2432 1782 2432 1779 2432 1776 2432 1773 2432 1721 2450 1668 2432 1665 2432 1663 2432 1476 2450 1453 2450 1421 2450 1209 2435 1206 2435 1203 2435 1174 2447 1162 2453 1154 2447 1133 2435 1130 2435 1128 2435 1125 2435 1122 2435 1096 2447 1081 2456 895 2456 880 2447 866 2435 863 2435 860 2435 857 2435 854 2435 834 2444 825 2450 819 2444 808 2435 805 2435 802 2435 799 2435 723 2444 659 2453 610 2444 561 2435 558 2435 366 2441 369 2508"/></Shape>
	    <String CONTENT="infinitas ventajas: y dexando encargado el ramo de"
                    HPOS="366"
                    VPOS="2432"
                    WIDTH="1718"
                    HEIGHT="88"></String>
          </TextLine>
          <TextLine ID="eSc_line_76b58f63"
                    TAGREFS="LT8"
                    BASELINE="372 2584 2084 2578" 
                    HPOS="369"
                    VPOS="2508"
                    WIDTH="1715"
                    HEIGHT="93">
            <Shape><Polygon POINTS="372 2584 372 2598 2078 2601 2084 2578 2078 2528 1872 2508 1869 2508 1866 2508 1817 2525 1770 2508 1767 2508 1764 2508 1761 2508 1706 2525 1663 2508 1660 2508 1657 2508 1654 2508 1651 2508 1622 2528 1334 2528 1264 2508 1261 2508 1258 2508 1255 2508 1200 2528 1162 2511 1160 2511 1157 2511 1154 2511 1110 2525 985 2511 982 2511 979 2511 927 2531 630 2531 534 2511 532 2511 369 2531 372 2584"/></Shape>
	    <String CONTENT="escuelas en general á las dos corporacionés citadas,"
                    HPOS="369"
                    VPOS="2508"
                    WIDTH="1715"
                    HEIGHT="93"></String>
          </TextLine>
          <TextLine ID="eSc_line_f8aa8c1b"
                    TAGREFS="LT8"
                    BASELINE="380 2668 2102 2656" 
                    HPOS="377"
                    VPOS="2584"
                    WIDTH="1725"
                    HEIGHT="95">
            <Shape><Polygon POINTS="380 2668 380 2679 2102 2671 2102 2656 2099 2601 2084 2586 2084 2584 2081 2584 2078 2584 2075 2584 1881 2601 1761 2584 1758 2584 1756 2584 1715 2601 1700 2586 1700 2584 1697 2584 1695 2584 1692 2584 1689 2584 1686 2584 1654 2607 1436 2607 1378 2586 1375 2586 1372 2586 1369 2586 1366 2586 1366 2589 1351 2601 1331 2586 1328 2586 1325 2586 1322 2586 1319 2586 1317 2586 1317 2589 1299 2607 1116 2607 1072 2589 1069 2589 1067 2589 962 2607 918 2589 915 2589 912 2589 910 2589 866 2607 770 2592 767 2592 764 2592 761 2592 761 2595 744 2610 581 2592 578 2592 575 2592 572 2592 572 2595 555 2610 502 2592 500 2592 497 2592 494 2592 491 2592 470 2610 392 2595 389 2595 386 2595 383 2595 383 2598 380 2598 377 2601 380 2668"/></Shape>
	    <String CONTENT="y el todo de sus reformas á la virtuosa integridad"
                    HPOS="377"
                    VPOS="2584"
                    WIDTH="1725"
                    HEIGHT="95"></String>
          </TextLine>
          <TextLine ID="eSc_line_9bf82ee7"
                    TAGREFS="LT8"
                    BASELINE="377 2738 2090 2729" 
                    HPOS="375"
                    VPOS="2665"
                    WIDTH="1715"
                    HEIGHT="102">
            <Shape><Polygon POINTS="377 2738 377 2755 1383 2767 1386 2767 1456 2752 1508 2767 1511 2767 1514 2767 1601 2749 1610 2749 1616 2749 1663 2764 1665 2764 1668 2767 1668 2764 1671 2764 1718 2749 1724 2749 1726 2749 1782 2764 1785 2764 1788 2764 2087 2746 2090 2729 2087 2682 2029 2665 2026 2665 2023 2665 1726 2679 1709 2665 1706 2665 1703 2665 1584 2665 1581 2665 1479 2682 1436 2668 1433 2668 1430 2668 1008 2682 947 2668 944 2668 941 2668 939 2668 898 2685 500 2671 497 2671 494 2671 456 2685 398 2671 395 2671 392 2671 389 2671 386 2671 386 2674 375 2682 377 2738"/></Shape>
	    <String CONTENT="de los magistrados, desapareció por los ayres en¬"
                    HPOS="375"
                    VPOS="2665"
                    WIDTH="1715"
                    HEIGHT="102"></String>
          </TextLine>
          <TextLine ID="eSc_line_ed989d93"
                    TAGREFS="LT8"
                    BASELINE="375 2816 2096 2810" 
                    HPOS="372"
                    VPOS="2761"
                    WIDTH="1724"
                    HEIGHT="67">
            <Shape><Polygon POINTS="375 2816 375 2828 2096 2822 2096 2810 2090 2761 372 2761 375 2816"/></Shape>
	    <String CONTENT="vuelto en una densa nube, al compas de una música"
                    HPOS="372"
                    VPOS="2761"
                    WIDTH="1724"
                    HEIGHT="67"></String>
          </TextLine>
          <TextLine ID="eSc_line_6448647b"
                    TAGREFS="LT8"
                    BASELINE="369 2892 2090 2892" 
                    HPOS="369"
                    VPOS="2828"
                    WIDTH="1721"
                    HEIGHT="104">
            <Shape><Polygon POINTS="2084 2828 369 2831 369 2892 369 2909 689 2929 691 2932 767 2932 767 2929 770 2929 773 2929 773 2927 790 2912 1020 2929 1023 2929 1212 2912 1613 2927 1616 2927 1619 2927 1622 2927 1642 2912 1875 2912 2029 2929 2032 2929 2035 2929 2090 2909 2090 2892 2087 2883 2084 2828"/></Shape>
	    <String CONTENT="melodiosa, y en compania del esforzado Chilibran (el"
                    HPOS="369"
                    VPOS="2828"
                    WIDTH="1721"
                    HEIGHT="104"></String>
          </TextLine>
          <TextLine ID="eSc_line_d8152406"
                    TAGREFS="LT8"
                    BASELINE="372 2967 1043 2973" 
                    HPOS="369"
                    VPOS="2900"
                    WIDTH="674"
                    HEIGHT="114">
            <Shape><Polygon POINTS="372 2947 372 2967 369 2988 436 3011 439 3011 441 3011 514 2993 526 2993 549 2996 662 3011 665 3011 668 3011 671 3011 683 3002 689 2996 694 3002 700 3011 703 3011 703 3014 706 3014 709 3014 712 3014 715 3014 755 3005 787 2996 805 3005 816 3014 819 3014 822 3014 825 3014 828 3014 851 3008 892 2996 1037 3014 1043 2973 1040 2918 927 2903 924 2903 750 2918 706 2921 662 2918 421 2900 418 2900 415 2900 389 2909 372 2947"/></Shape>
	    <String CONTENT="impresor se quedó.)"
                    HPOS="369"
                    VPOS="2900"
                    WIDTH="674"
                    HEIGHT="114"></String>
          </TextLine>
        </TextBlock>
        <TextBlock HPOS="1214.0"
                   VPOS="276.0"
                   WIDTH="63.0"
                   HEIGHT="80.0"
                   ID="eSc_textblock_c74f95c3"
                   TAGREFS="BT15">
          <Shape><Polygon POINTS="1214 276 1214 356 1277 356 1277 276"/></Shape>
          <TextLine ID="eSc_line_c902fcf7"
                    TAGREFS="LT8"
                    BASELINE="1212 354 1293 354" 
                    HPOS="1212"
                    VPOS="279"
                    WIDTH="81"
                    HEIGHT="87">
            <Shape><Polygon POINTS="1270 299 1241 279 1212 296 1212 354 1212 366 1293 366 1293 354 1293 313 1270 299"/></Shape>
	    <String CONTENT="9."
                    HPOS="1212"
                    VPOS="279"
                    WIDTH="81"
                    HEIGHT="87"></String>
          </TextLine>
        </TextBlock>
        <TextBlock HPOS="2058.0"
                   VPOS="3010.0"
                   WIDTH="185.0"
                   HEIGHT="206.0"
                   ID="eSc_textblock_3205cb5a"
                   TAGREFS="BT39">
          <Shape><Polygon POINTS="2058 3216 2058 3018 2243 3010 2243 3216"/></Shape>
          <TextLine ID="eSc_line_b6e00b4c"
                    TAGREFS="LT8"
                    BASELINE="2072 3195 2211 3195" 
                    HPOS="2070"
                    VPOS="3159"
                    WIDTH="139"
                    HEIGHT="47">
            <Shape><Polygon POINTS="2070 3206 2209 3206 2209 3194 2209 3159 2070 3159 2070 3194"/></Shape>
	    <String CONTENT="85"
                    HPOS="2070"
                    VPOS="3159"
                    WIDTH="139"
                    HEIGHT="47"></String>
          </TextLine>
        </TextBlock>
      </PrintSpace>
    </Page>
  </Layout>
</alto>
