2480 3488
1215 296 81 76 2.

398 363 1718 90 humanidad. Aquí se ve al desgraciado caballo, en

395 444 1712 96 pago de su docilidad en el servicio del hombre,

389 514 1721 93 arrastrando las entrañas por la plaza con alegre

383 598 1721 87 satisfaccion de los concurrentes. Aquí se vé............

389 674 1724 90 Callaos ! dixo Tremebundo, y no me hableis una pa¬

392 749 1721 88 labra mas de ese monumento de la barbarie; y dando

389 828 1718 87 un formidable resoplido voló la plaza de toros con

386 901 1721 93 celeridad tan estupenda que en ménos de tres mi¬

386 979 1724 87 mutos cayó en el barrio de Triana, con asombro

380 1052 1724 96 notable del populacho sevillano. La plaza del Retiro

392 1133 1712 105 quedó desde luego despojada y sobre un perfecto

380 1209 1716 93 nivel. Esta plaza se llamará en adelante, dixo Tre¬

389 1290 1721 87 mebundo, el campo de Marte ; será su destino la

386 1363 1721 96 instruccion de reclutas, exercicios doctrinales y asam¬

386 1444 535 96 bleas generales.

465 1514 1642 93 A este tiempo pasaba un difunto que llevaban á

377 1601 1727 96 enterrar en la parroquia de aquella feligresía ; y

389 1674 1721 84 escandalizado Tremebundo de que aun subsistiese

386 1749 1721 96 en Buenos-Ayres la costumbre impura de habitar

383 1825 1724 90 los vivos con los muertos, inspirando las miasmas

375 1906 1721 93 de su putrefaccion, no pudo ménos que recorrer la

383 1976 1713 108 vista por la campaña, á fin de descubrir un lugar

380 2057 1724 105 adecuado para un cementerio general, que distase

383 2136 1721 90 una legua del recinto. Así lo executó; pues como

386 2211 1721 105 por encanto apareció á occidente de la ciudad un

377 2290 1736 87 espacioso cementerio, contenido en una árca cua¬

377 2366 1730 107 drada de figura regular, cercado de un muro repe¬

377 2441 1727 99 Ilado de negro de una vara de diámetro y ocho de

375 2520 1729 96 elevacion, con una aguda pirámide en cada uno de

375 2601 1727 96 sus cuatro angulos, un pórtico grotesco por entrada,

377 2679 1727 91 con las tres parcas en la parte superior, Cloto con

377 2752 1725 108 la rueca en la mano, Lakesis hilando los eventos de

377 2828 1722 116 la vida, y Atropos cortando el hilo vital, y á los

383 2912 1268 110 pies de éstas la siguiente inscripcion

173 2990 181 192 78
