2480 3488
1215 302 87 75 4.

383 363 1730 110 ociosidad y los medios que la fomentan, repuso

395 444 1721 90 Tremebundo. Mi opinion es que haya casa de cari¬

383 523 1733 93 dad para los infelices desamparados; pero no quisiera

392 607 1718 87 ver un mendigo por las calles, ni quisiera oir pedir

383 685 1727 93 una limosna. El que tenga disposicion de socorrer

386 761 1727 87 la humanidad afligida, dirija sus dones á las casas

383 840 1730 93 públicas de caridad, y el gobierno recoja en ellas

383 921 1727 87 los miserables, sin exceptuar al mudo importuno

383 996 1724 94 que exige limosna en la misa de catedral: é im¬

395 1078 1707 99 póngase una multa, á beneficio de los hospitales,

386 1159 1724 96 al que dé limosna por las calles á ningun impor¬

386 1226 1721 93 tuno. Y en cuanto á la carcel........ Al decir esto

383 1305 1721 93 se oyó un ruido estrepitoso, y apareció la cárcel

383 1386 1724 84 dividida en departamentos, en cada uno de los cuales

383 1462 1716 93 habia un taller de un exercicio diferente. Así,

383 1543 1721 84 el sastre que entraba, iba á trabajar constantemente

375 1619 1730 93 á la sastrería, el carpintero á la carpintería & y

383 1694 1724 96 los hombres sin oficio se ocupaban en el servicio

392 1767 1710 107 general y particular de la casa, ó en preparar

383 1842 1721 108 materias primeras. De suerte que, ganando cada

389 1924 1713 101 preso un jornal, pagaba sus costos de cárcel, y le

383 1999 1719 90 quedaba un remanente para socorrer su familia, ó

392 2072 1710 105 para cuando se hallase en libertad; cortando al

383 2153 1721 88 mismo tiempo en su raiz la molicie y sus vicios

383 2235 1719 87 inherentes, y desterrando la asquerosidad que en el

377 2310 1725 88 dia debe observarse. Visto Tremebundo el estado

377 2386 1719 87 de esta prision, se expresó del modo siguiente :—

377 2461 1719 96 En adelante no necesitan los presos implorar el

377 2540 1725 93 socorro gratuito y eventual del pasante; la única

383 2618 1719 102 caridad que esperan del públco es el que se les

380 2697 1722 90 ocupe en sus talleres: y haciendo un corto ademan,

377 2775 1722 105 se leyó sobre la cárcel la siguiente inscripcion en

377 2854 730 93 caractéres de bronce

188 3046 192 206 80
