2480 3488
799 366 1183 99 Aquí yacen los huesos de los muertos,

805 453 578 99 Y aquí reposarán

799 523 707 96 Hasta el juicio final.

485 680 1643 90 Del pórtico al fondo del edificio corria una her¬

407 764 1718 87 mosa galería, á cuyo término quedó colocada una

407 837 1718 90 lúgubre capilla de arquitectura gótica ; y el todo

404 915 1721 87 del cementerio se hallaba circulado de una cadena

401 994 1721 87 de frondosos sauces, cuyo sombrío, unido á lo demas

401 1069 1715 87 del lugar, inspiraba en las almas sensibles una fú¬

401 1148 477 98 nebre alegría.

485 1217 1628 111 El espíritu del gigante quedó Ileno de compla¬

404 1308 1706 84 cencia al ver finalizada obra tan excelente, y el

398 1383 1709 90 anciano Souloulou, compungido en un tierno gozo,

404 1459 1700 101 prorrumpió en los siguientes versos con labio

401 1534 404 90 balbuciente.

787 1607 1091 93 En este ameno sitio dormirémos,

799 1688 1236 87 despues al Olimpo de aquí irémos.

473 1839 1614 96 Inmediatamente se dirigiéron por la carcel, y

395 1921 1707 87 un mulato que asomaba la cabeza por una pequeña.

392 1993 1710 93 reja les Ilamó la atencion, pidiéndoles una limosna

395 2072 1701 105 por las ánimas benditas ¿Qué lenguage es este ?

392 2153 1710 85 exclamó Tremebundo ¿esto acontece en un pueblo

392 2229 1710 87 civilizado? No se admire vuestra grandeza, respondió

392 2310 1707 82 Souloulou, porque esta es costumbre en todo pue¬

392 2386 1707 84 blo español: yo he observado el mismo régimen en

389 2464 1704 88 Madrid, y creo que es con bastante fundamento,

392 2537 1707 102 porque de este modo se excita la caridad de los

389 2616 1707 87 fieles, en bien de los miserables presos. Con el

386 2694 1710 84 mismo fin los ponemos por las esquinas con sus barbas

389 2770 1710 98 largas y sus pesadas cadenas la semana santa, en

389 2854 1707 78 cuyo tiempo se ven cosas de este género.–Des¬

392 2935 1698 93 tiérrese de una vez de la sociedad la repugnante

1253 337 69 49 3

2040 3063 189 221 79
