2480 3488
1145.0 319.0 236.0 99.0 N. 40.

389.0 1116.0 1710.0 125.0 LA PRENSA ARGENTINA

447.0 1249.0 1596.0 102.0 SEMANARIO POLITICO Y ECONOMICO.

479.0 1467.0 1538.0 108.0 MARTES 18. DE JUNIO, DE 1816.

1037.0 1685.0 410.0 82.0 DELIRIO.

450.0 1828.0 1640.0 96.0 Aburrido el famoso Tremebundo de haber pasado¬

369.0 1903.0 1712.0 102.0 una semana en el frio de los Andes, y cuidadoso

366.0 1979.0 1721.0 102.0 de su visita inconclusa en esta capital, ordenó al

366.0 2057.0 1718.0 99.0 esforzado Chilibran que se dispusiese á partir y en

363.0 2136.0 1724.0 102.0 seis instantes se hallaron en el Retiro, en compañia

366.0 2211.0 1721.0 117.0 del respetable Souloulou que los aguardaba. Que es

363.0 2287.0 1724.0 108.0 esto? preguntó Tremebundo, al ver la memorable,

366.0 2366.0 1715.0 107.0 plaza de toros. Esta es, respondió Souloulou, el

360.0 2447.0 1721.0 102.0 famoso anfiteatro que caracteriza el gusto de nuestros

366.0 2520.0 1706.0 116.0 padres. Esta es la diversion varonil en que la ju¬

366.0 2601.0 1683.0 102.0 ventud se familiariza con la efusion de sangre y

357.0 2677.0 1715.0 104.0 aprende virtudes nobles. Aquí se observa al hom¬

357.0 2755.0 1715.0 102.0 bre de baxa ralea celebrado, se observa al animal

354.0 2834.0 1718.0 98.0 racional combatir con el irracional, en imitacion

360.0 2909.0 1707.0 125.0 de las virtudes del Emperador Comodo, modelo de
