2480 3488
1180.0 279.0 119.0 95.0 11.

377.0 360.0 1727.0 105.0 procedencia de Lisboa ancló en estas balizas el 20

372.0 441.0 1730.0 96.0 de febrero último, su capitan D. Manuel Aguiar,

372.0 526.0 1730.0 87.0 cargamento 12686 cueros al pelo, 3000 aspas, 1000

372.0 595.0 1727.0 105.0 puntas, 1000 chapas de aspas despachada para puer¬

375.0 677.0 1721.0 90.0 tos extrangeros por su capitan el expresado Aguiar.

1069.0 825.0 320.0 90.0 DIA 10.

450.0 906.0 1643.0 96.0 Bergantin pertugues Pensamiento feliz que con

369.0 982.0 1727.0 105.0 procedencia del rio Janeyro ancló en estas balizas

360.0 1058.0 1730.0 90.0 el 8 de abril último su capitan D. Salvador Gon¬

363.0 1133.0 1724.0 105.0 zalez: cargamento 450 fanegas de trigo 1400 cue¬

366.0 1214.0 1724.0 88.0 ros al pelo 150 quintales de arina y 3 fardos con

363.0 1296.0 1721.0 78.0 badana, despachado para el rio Janeyro por su con¬

363.0 1360.0 1137.0 107.0 signatario D. Cosme Cose Farias.

444.0 1441.0 1637.0 102.0 En idem Bergantin americano Mamoth que con

360.0 1520.0 1721.0 96.0 procedencia de Baltimore ancló en estas balizas el

363.0 1592.0 1718.0 105.0 17 marzo uiltimo su capitan Chtar despachado por

357.0 1668.0 1718.0 105.0 su consignatario D. Juan Magnill para puertos

357.0 1752.0 794.0 102.0 extrangeros : en lastre.

1584.0 1816.0 331.0 102.0 ᑕoncluirá.

991.0 1883.0 471.0 116.0 ANUNCIOS.

439.0 2049.0 1636.0 107.0 En la gaceta del sabado 1. de junio se dio aviso

360.0 2130.0 1718.0 96.0 que en la imprenta de ella se vendia la célebre

354.0 2209.0 1710.0 110.0 obra intitulada la venida del mesias en gloria, y

354.0 2290.0 1724.0 108.0 magestad, y que cualquiera podia desengañarse

351.0 2366.0 1724.0 107.0 de los errores con que se tachó en la Prensa Ar¬

360.0 2447.0 276.0 99.0 gentina.

430.0 2517.0 1642.0 101.0 Algunos menos cautos han entendido en esto, que

360.0 2598.0 1718.0 90.0 la tal obra no tiene los errores indicados. Para

351.0 2677.0 1724.0 107.0 desengañarse, parece indispensable confrontarla con

354.0 2752.0 1721.0 102.0 la parte, que se dixo existia en la biblioteca pública

343.0 2831.0 1724.0 90.0 de esta capital, ó con otra obra manuscrita bien

345.0 2906.0 1719.0 105.0 correcta. Lo primero lo ha practicado el S. teniente

1997.0 3136.0 244.0 84.0 87
