2480 3488
1232.0 279.0 85.0 72.0 5.

950.0 340.0 689.0 96.0 Aborreced el delito,

956.0 421.0 858.0 96.0 Compadeced el delincuente.

500.0 494.0 1616.0 113.0 Y que tropel de gente es el que se agolpa por

407.0 575.0 1709.0 93.0 aquella esquina? preguntó Tremebundo, observando

407.0 654.0 1712.0 87.0 al café del coliseo. En aquella casa, y otras muchas

404.0 732.0 1709.0 90.0 que hay de su especie, respondio Souloulou, con¬

404.0 810.0 1709.0 91.0 curren muchas gentes á distraerse, despues de sus

401.0 889.0 1709.0 93.0 fatigas ordinarias; pero pasamos por el dolor de que

404.0 965.0 1706.0 98.0 tambien acudan multitud de ociosos por constitu¬

401.0 1046.0 1706.0 87.0 cion, cuya vida es jugar peremnemente, sin ser¬

409.0 1121.0 1695.0 96.0 posible remediar este defecto. Esos vicios nacen,

398.0 1197.0 1704.0 90.0 replicó Tremebundo, de la falta de industria popular

401.0 1276.0 1706.0 87.0 en que ha estado este pais, por no haberse fomentado

409.0 1354.0 1695.0 99.0 y protegido las artes y la educacion pública por

401.0 1432.0 1701.0 88.0 el gobierno español. Aquí no habia mas, segun

398.0 1508.0 1704.0 87.0 colijo, que eclesiásticos, abogados, tal cual médico

392.0 1584.0 1707.0 90.0 ó militar y multitud de oficinistas; así no debemos

395.0 1682.0 1698.0 76.0 extrañar estas forzosas concurrencias. Sin embargo;

401.0 1741.0 1695.0 96.0 y al pronuciar esta conjuncion, levanto el brazo

389.0 1813.0 1704.0 102.0 derecho con la mano abierta é inclinado hácia abaxo,

398.0 1895.0 1695.0 93.0 y con una prontitud asombrosa apareció la poblacion

389.0 1970.0 1701.0 96.0 de Buenos-Ayres al rededor de Tremebundo, el

392.0 2049.0 1701.0 87.0 que sobre la marcha inquirió las facultades, des¬

389.0 2124.0 1704.0 87.0 tinos y modos de vivir de cada hombre, y á todo

389.0 2200.0 1707.0 99.0 el que no encontró justificado, le puso á disposicion

389.0 2278.0 1707.0 90.0 de Chilibran; el que con esfuerzo inexorable los

386.0 2357.0 1707.0 102.0 envocó á manera de cangrejos en una de las alforjas,

392.0 2435.0 1698.0 105.0 y revoletéandola la zumbó hasta el Perú, donde

386.0 2511.0 1707.0 90.0 sirvió tanta gente con utilidad de la patria.–Los

392.0 2595.0 1698.0 93.0 juegos no prohibidos de cartéo, continuó Treme¬

383.0 2671.0 1701.0 104.0 bundo, y los de pelota, trucos, biliar y semejantes,

389.0 2749.0 1704.0 99.0 en que no haya embite, suerte y azar, son unas

383.0 2825.0 1707.0 87.0 diversiones honestas, que usadas baxo las reglas de

380.0 2900.0 1704.0 117.0 la prudencia, con el designio de esparcir y recrear
