1330 2193
530 78 115 53 (23)

104 116 1081 72 .... A las 8 en punto ya estaba yo en la cita; entré al cuar¬

80 160 1103 64 del anciano, él se habia sentado en su poltrona; sobre la

21 208 1160 67 mesa habia un bonito servicio de café, me saludó y tocó la cam¬

25 246 141 57 panilla.

107 286 368 53 –Un criado entró.

104 321 911 77 –Traé el café.... y llama á la señorita Julia.

106 376 1077 71 Al poco rato llegó el criado con la cafetera y sus tostadi¬

23 409 902 73 tas secas; poco despues entró Julia y nos saludó.

109 458 1076 75 –Mira hijita..... te he llamado para que nos sirvas

21 491 703 73 el café, tu lo haces á la moda.....

107 546 348 51 –Bueno papasito.

98 577 1087 79 Julia tomó asiento; nos preparó dos tasitas; yo le pasé á

20 628 1165 75 mi amigo la suya; tomé la mia en las manos, me acerqué á la

18 674 508 53 mesa y empezé á gustarlo.

102 712 1079 66 El anciano, agitó la cucharita dentro de la tasa como pa¬

18 751 1165 71 ra endulzar mejor el café; tomo un tragillo, lo elogió, se limpió

20 793 380 67 el pecho y me dijo:

109 831 1072 71 –¿Se acuerda U. Artur en que quedamos la última vez?

100 882 1085 70 –En la desaparicion de la viuda, y la aparicion de esa

18 922 1163 75 hermosa joven cuya mirada enérgica y sublime parecia anun¬

18 970 863 64 ciar á las naciones las futuras glorias del Perú!

124 1005 1059 73 –Bien, bien, ya estoy..... pues si Artur, la aparicion

16 1047 1167 71 de esa estátua que aun se ve en el medio de la calle de Paris

16 1094 1163 71 fué el signo con que Dios predijo nuestras venturas futuras...

95 1140 1084 69 Los hombres como ya le dije á U. se animaron y pensaron,

16 1176 1163 74 poco despues... obraron:... desde entónces su voluntad, su

16 1220 1163 75 opinion, la opinion social fué respetada, oida y obedecida: el pri¬

14 1270 1165 60 mer paso que dieron fué el de aniquilar el germen revoluciona¬

14 1310 1164 64 rio.... un poco de energia y de constancia se los hizo con¬

16 1348 1162 79 seguir; en seguida sacaron de entre la masa social, de entre

18 1388 887 64 los hijos del Peru.... Un hombre y le dijeron:

100 1429 1078 82 "Apoderate de nuestro suelo, de nuestras mujeres, de nues¬

18 1472 1151 79 "tros bienes, de nuestras leyes y de nosotros mismos....

18 1518 1161 64 "defiende los unos contra los ataques de los perversos, de los am¬

21 1557 1157 78 "biciosos, y de los rivales envidiosos; proteje las otras respetalas

32 1600 1142 77 "y haslas obedecer y respetar:.... si asi lo hicieres nues¬

25 1641 1153 76 "tras mujeres é hijos te servirán de murallas..... nuestros

21 1683 1155 80 "brazos serán de fierro y te sostendrán contra cualesquiera

23 1726 1153 77 "clase de enemigos..... tu reynado será feliz para la patria,

20 1772 1156 68 "ella y Dios te colmarán de bendiciones!!!..... mas si como

20 1812 1152 75 "otros fueres falso, traidor, si como otros solo nos aniquila¬

20 1854 1152 81 "ses, y degradases..... oh! tiembla! porque el dia ha llega¬

27 1896 1151 123 do en que los hijos del Perú apetezcan la paz y la felicidad,
