1351 2184
580 43 117 60 (13)

58 72 1165 71 y le propusieron á Antuca cantar un terceto sentimental; ella

54 118 1169 74 lo aceptó con la condicion de echarles despues á cada uno

56 172 251 57 un responso.

138 200 1085 74 Debo confesar que la conducta de estos barones, me afli¬

54 247 1169 75 jió; todo lo que tiene de respetable á mis ojos el sacerdote

56 298 1167 58 que desempeña su mision santa segun la escritura; tiene  de

56 342 1167 56 indigno y escandaloso el que sin verguenza ni pudor, escan¬

58 384 1163 58 candaliza á los hombres saliendo de los decorosos límites que

54 420 1043 71 le traza la esfera de sus nobles y respetables deberes!

145 449 1085 76 Estas reflexiones me volvieron á mi negra melancolia;

56 502 1173 73 Julia tambien se puso triste; esta sensacion dió á sus ojos

60 553 1165 62 una expresion de suave dulzura que no pude dejar de admi¬

63 593 956 67 rar,.... yo no sé qué encontré en ella de Delia!

151 627 1078 80 –¡En qué piensa U. señor Artur, ¿por qué está U. tan

65 684 492 58 triste? me preguntó ella.

154 711 912 73 –Jamas lo podré decir, Julia! sobre todo á U.

151 766 1081 67 –Hace U. bien, pues seria escusado el decir lo que tan

71 809 424 64 facilmente se adivina.

154 831 1084 79 –¡U. adivina, Julia! ¿y en qué cree U. que yo pienso;

162 893 615 58 –¡No es por ventura en Delia!

152 935 1082 62 –Del....!; dije y no pudo acabar; algunos momentos que¬

69 971 1169 66 damos en silencio... Julia suspiró, alcé la vista; sus miradas tenian

72 1017 1164 73 toda la expresion melancólica de Delía, el dia que nos separamos:

71 1073 493 48 mi corazon se estremeció!

154 1106 998 62 –Julia, por qué suspira U.? le dije afectuosamente.

152 1153 1086 57 –Por nada! y sus ojos se clavaron en mi, con una fuer¬

71 1195 258 55 za magnética.

156 1230 1082 74 –U. me engaña! digame lo que piensa, crea que soy su

74 1281 346 56 verdadero amigo.

158 1304 1080 79 –Yo nada pienso... ¿digame U. señor Artur muy lin¬

74 1366 275 59 da era Delia?

158 1392 1081 80 ¡Un anjel!.... veala U.; y saqué de mi pecho una hoja de

76 1452 586 60 marfil donde llevaba su imajen.

163 1486 1082 68 –Ay!.... que bella.... como la hubiera conocido.... yo

78 1539 1163 57 la habria amado mucho.... mucho lo debió á U. querer?....

81 1583 73 58 no?

165 1619 1062 69 ¡Sabia que yo la amaba con respeto y con tǝrnura....

158 1663 735 60 –Mucho la amaba U., no es verdad?

169 1698 1078 67 –¡Si.... la amaba como los antiguos peruanos al Sol,

80 1745 1176 62 como el recien nacido á la madre que le sonrie, como la abe¬

80 1787 1163 69 ja á la flor mas pura.... como los hombres á la felicidad....

81 1830 1157 71 la amaba, porque era como tu Julia: joven y bella, noble y

89 1885 954 55 virtuosa; intelijente y amable; induljente y fiel....
