1327 2187
581 29 113 58 (33)

41 71 1171 52 tomó nuestras manos así unidas, pronunció algunas palabras

43 105 1078 64 en la lengua que habló Cristo; despues nos bendijo;....

127 143 1081 73 ¡Gracias señor! ¡Gracias! le dije.... ya Julia era mi es¬

45 189 1163 67 posa ante Dios y ante los hombres,.... ya su alma estaba

47 235 1156 58 unida á la mia!.... oh amigo! que momento tan sublime y

49 277 1159 54 tan raro! en medio del mas acerbo y profundo dolor, sen¬

49 318 1161 57 tí las mas puras delicias de un celestial placer; sobre el le¬

47 362 1163 58 cho de muerte de Julia.... mi corazon.... mi alma.... aca¬

49 410 1161 51 baban de ver realizadas sus mas caras esperanzas!.... Julia

51 446 1157 64 lo comprendió y lo participó; su vista se fijó en el cielo

58 488 1148 66 ....despues en mi... llevó el Crucifijo á su corazon, des¬

52 532 1160 60 pues á sus labios.... quedó un momento en silencio... de

52 575 1158 61 repente se sentó con rara ajilidad.... separó el Cristo de la

51 617 1153 59 cruz.... esta me la colocó ella misma debajo del chaleco....

51 659 1157 60 sobre el corazon.... besó otra vez el Cristo y lo aplicó otra

52 699 1156 57 vez al suyo.... se apoderó de mis dos manos y estampó so¬

51 741 1159 57 bre ellas sus labios.... despues inclinó la frente y fijé sobre

51 787 1153 56 ella el beso de la union:... volvió á levantar la vista.... y

54 829 1158 56 me dijo "Adios Artur, sed feliz sobre la tierra, allá... voy á

51 878 1159 53 esperarte!.... quise contestarle.... ya no era tiempo.... ya

52 914 1160 55 Julia se hallaba en presencia del Eterno.... ya sus miradas

54 958 1154 51 no eran de mujer.... su rostro se rodeó de una aureola di¬

58 998 1152 60 vina, sus ojos brillaron de un modo raro.... sobrehumano;

56 1049 1154 48 sus labios semejantes al caliz de la azucena mas pura, se

56 1084 1154 60 sonreian dulcemente!! ay! amigo! Ya no era tiempo.... Ju¬

58 1128 1154 56 lía acababa de entrar al Cielo.... su cuerpo cayó para atras

61 1170 1149 49 .... ya habia muerto!!!–Todos gritaron de terror!..... yo

58 1211 1152 59 quedé mas inmovil que la estátua de Niove....las últimas

56 1255 1154 60 miradas de Julia me habian santificado el corazon.... ya era

56 1301 674 54 otro hómbre.... ya no me conocia!!

145 1345 1061 51 ..................................................

60 1383 1153 60 ............ Desde entonces se han pasado algunos dias, Car¬

54 1427 1158 51 los, estos los he consagrado al cumplimiento de un deber

56 1467 1156 51 sagrado.... he hecho edificar el mausoleo de Julia.... él es

58 1509 1152 51 de mármol blanco.... en su extremo hay una cruz!.... ¿te

58 1549 1150 54 lo diré amigo? he cometido un crímen, le he robado el co¬

56 1601 1157 46 razon la misma noche que la enterraron!.... lo tengo en una

54 1638 1156 56 redomita de cristal en la que el aire no penetra.... con él

56 1678 1150 64 quiero que me sepulten.... lo que no tardará en suceder!....

56 1722 1156 53 mientras esto suceda, todos los dias voy á llorar sobre la

56 1764 1152 60 tumba de mi amiga, allí me siento vivir.... todos los dias a¬

54 1807 1158 57 dorno su ultima morada con violetas y azucenas.... esto es

56 1846 1052 91 lo único que ya puedo ofrecerle. ¡Dios mio, Dios mio!

946 1893 29 66 5
