1321 2246
655 89 124 56 (28)

217 116 1083 76 "La Europa y la Asia admiradas saludan con respeto á la

146 164 320 53 "América unida."

213 205 1081 72 Esto pasaba en 1856: la patria, la América, ocupaba un lu¬

131 245 1167 80 gar distinguido en el mundo.... sin embargo esto no era

129 297 1169 69 aun todo; el destino llamaba al Perú á cosas mas grandes;

129 335 1165 71 dos años despues él sorprendió de nuevo á la Europa.... y

127 372 1173 79 à la América misma.... Un grande acontecimiento acababa

127 415 1171 79 de tener lugar.... el mundo tembló.... el aspecto del Perú

131 464 1167 65 conmovió los Andes y el Chimborazo.... las cuatro partes

125 507 1173 73 del mundo se arrodillaron y saludaron con admiracion al mas

125 548 1169 73 grande imperio del mundo!!!!!* las Piramides de Egipto aca¬

129 593 609 67 baban de aparecer en el Perú!

217 634 1077 73 –¡Dios mio! ¡lo que es el destino! quien lo hubiera crei¬

127 664 392 73 do ahora 100 años!

234 714 1062 70 –No digo creido, Artur, pero ni imajinado; los hombres

125 763 1171 71 nacian entonces acostumbrados desde el seno de su madre á

123 804 1169 66 la servidumbre y la desgracia; no tenian á la vista el ejem¬

123 845 1166 68 plo de grandes acciones, ni la curiosidad para leer las pasa¬

123 889 1168 73 das, en otros siglos y en otras naciones; muy pocos sabian

121 932 1168 74 el orijen de Roma; ni por sueños recordaban de qué y como

121 973 1168 69 se formó Venecia; de el orijen de Rusia jamas habian oido

121 1016 1160 67 hablar §, y sin embargo tenian una imajinacion poderosa y

121 1059 1166 75 sublime, recursos abundantes é inagotables, solo les faltaba una

123 1104 611 52 cosa....enerjia y voluntad!....

204 1143 697 64 –Pero en fin.... ya no es así....

207 1188 1078 75 –Por eso lo digo Artur.... porque si antes fueron dig¬

119 1220 1168 84 nos de lastima.... hoy exitan la admiraciou jeneral!!!.... pero

118 1272 1169 75 mi amigo ya son las 10.....y estoi fatigado..... una de las

118 1317 1165 66 cosas que creo me prolonga la vida es el metodo ar¬

116 1356 1161 73 reglado que he tenido y tengo para todas mis acciones........

119 1400 746 69 por hoy basta.... me voy á la cama:

213 1443 1070 73 –¡Gracias amigo! no vaye á ser esto causa de enferme¬

118 1471 891 76 dad para U: un favor si le voy á pedir....

219 1531 294 50 –¿Cual Artur?

206 1557 1077 88 –Que en la proxima ocasion que U. me hable sobre la

118 1609 1163 81 patria me permita traer un lapiz y papel, asi como hacerle

211 1688 296 69 *En lo futuro.

196 1736 1091 68 § Las personas  de educacion é instruidas deben comprender.

114 1778 1171 65 que no es mi animo el dirijirme á ellas al hacer estas observaciones—

114 1817 1171 69 á esa gran masa de peruanos á la que las guerras civiles y destruc¬

112 1856 1171 86 toras sume en la miseria, el servilismo y la ignorancia, es á las que

116 1897 448 90 me contraigo en este caso.
