<?xml version="1.0" encoding="UTF-8"?>
<alto xmlns:xsi="http://www.w3.org/2001/XMLSchema-instance"
      xmlns="http://www.loc.gov/standards/alto/ns-v4#"
      xsi:schemaLocation="http://www.loc.gov/standards/alto/ns-v4# http://www.loc.gov/standards/alto/v4/alto-4-2.xsd">
  <Description>
    <MeasurementUnit>pixel</MeasurementUnit>
    <sourceImageInformation>
      <fileName>Lima_de_aqui_a_cien_anos.pdf_page_18.png</fileName>
      
    </sourceImageInformation>
  </Description>
  
  <Tags>
    <OtherTag ID="BT1857" LABEL="MainZone" DESCRIPTION="block type MainZone"/><OtherTag ID="BT1858" LABEL="NumberingZone" DESCRIPTION="block type NumberingZone"/><OtherTag ID="BT1859" LABEL="RunningTitleZone" DESCRIPTION="block type RunningTitleZone"/><OtherTag ID="BT1860" LABEL="TitlePageZone" DESCRIPTION="block type TitlePageZone"/><OtherTag ID="BT1878" LABEL="GraphicZone" DESCRIPTION="block type GraphicZone"/><OtherTag ID="BT1879" LABEL="MarginTextZone" DESCRIPTION="block type MarginTextZone"/><OtherTag ID="BT1884" LABEL="CustomZone:Numbering" DESCRIPTION="block type CustomZone:Numbering"/>
    <OtherTag ID="LT746" LABEL="DefaultLine" DESCRIPTION="line type DefaultLine"/><OtherTag ID="LT747" LABEL="HeadingLine" DESCRIPTION="line type HeadingLine"/>
  </Tags>
  
  <Layout>
    <Page WIDTH="1306"
          HEIGHT="2213"
          PHYSICAL_IMG_NR="17"
          ID="eSc_dummypage_">
      <PrintSpace HPOS="0"
                  VPOS="0"
                  WIDTH="1306"
                  HEIGHT="2213">
        
        <TextBlock HPOS="637"
                   VPOS="103"
                   WIDTH="122"
                   HEIGHT="50"
                   ID="eSc_textblock_40f1b45d"
                   TAGREFS="BT1858">
          <Shape><Polygon POINTS="637 103 637 153 759 153 759 103"/></Shape>
          
          
          <TextLine ID="eSc_line_a4cd0a94"
                    TAGREFS="LT746"
                    BASELINE="647 142 756 142" 
                    HPOS="647"
                    VPOS="103"
                    WIDTH="109"
                    HEIGHT="51">
            <Shape><Polygon POINTS="739 112 721 110 702 108 684 106 665 105 647 103 647 142 647 154 756 153 756 142 756 114 739 112"/></Shape>
	    <String CONTENT="(18 )"
                    HPOS="647"
                    VPOS="103"
                    WIDTH="109"
                    HEIGHT="51"></String>
          </TextLine>

          
        </TextBlock>
        
        <TextBlock HPOS="95"
                   VPOS="142"
                   WIDTH="1172"
                   HEIGHT="1841"
                   ID="eSc_textblock_76b88ae5"
                   TAGREFS="BT1857">
          <Shape><Polygon POINTS="1267 157 1267 1983 95 1983 107 142"/></Shape>
          
          
          <TextLine ID="eSc_line_45ff4955"
                    TAGREFS="LT746"
                    BASELINE="199 175 1269 186" 
                    HPOS="197"
                    VPOS="123"
                    WIDTH="1072"
                    HEIGHT="74">
            <Shape><Polygon POINTS="1195 154 1176 153 1158 151 1139 149 1121 147 1103 145 1084 143 1066 142 1047 140 1029 138 1010 136 992 136 973 134 955 132 937 130 918 129 900 127 881 125 863 123 793 123 791 123 789 123 756 132 750 143 732 143 713 143 695 143 676 143 658 143 654 136 588 136 577 130 568 125 566 127 547 132 529 132 510 132 492 132 474 132 455 132 437 132 418 132 400 132 381 132 363 132 344 132 326 132 308 132 289 132 271 132 252 132 234 132 215 132 199 132 199 175 197 180 1265 197 1269 186 1265 164 1213 156"/></Shape>
	    <String CONTENT="–¡Voi á decirlo: Artur es un joven de merito, quiere"
                    HPOS="197"
                    VPOS="123"
                    WIDTH="1072"
                    HEIGHT="74"></String>
          </TextLine>

          
          
          <TextLine ID="eSc_line_163fa1c4"
                    TAGREFS="LT746"
                    BASELINE="108 217 1269 228" 
                    HPOS="106"
                    VPOS="167"
                    WIDTH="1163"
                    HEIGHT="76">
            <Shape><Polygon POINTS="1252 186 1234 186 1215 186 1202 186 1077 189 1044 184 1031 184 1012 184 994 184 983 184 977 188 961 184 957 184 938 184 920 184 902 182 883 182 868 182 820 186 795 182 791 182 772 182 754 182 736 182 717 180 699 180 680 180 667 180 617 184 592 180 588 180 569 180 551 178 533 178 514 178 496 178 477 178 468 178 442 182 427 178 422 178 403 178 385 178 367 177 348 177 330 177 311 177 293 177 276 177 228 180 225 177 219 177 201 177 195 167 130 167 127 171 108 180 108 217 106 226 1265 243 1269 228 1265 186 1252 186"/></Shape>
	    <String CONTENT="á Julia, tiene talento, juventud y alguna fortuna; sus costum¬"
                    HPOS="106"
                    VPOS="167"
                    WIDTH="1163"
                    HEIGHT="76"></String>
          </TextLine>

          
          
          <TextLine ID="eSc_line_d467eaa9"
                    TAGREFS="LT746"
                    BASELINE="108 261 1269 272" 
                    HPOS="106"
                    VPOS="219"
                    WIDTH="1163"
                    HEIGHT="63">
            <Shape><Polygon POINTS="1215 228 1197 228 1182 228 1104 234 1079 236 1075 234 1068 226 1049 226 1031 226 1012 226 1009 226 909 230 870 232 859 230 837 224 828 224 815 224 796 228 783 232 778 228 769 224 754 224 752 224 734 228 713 232 686 228 656 223 643 223 625 223 621 223 573 226 503 230 464 224 442 221 440 221 422 221 413 221 394 223 343 228 333 221 330 221 311 221 293 219 274 219 256 219 237 219 219 219 201 219 182 219 164 219 145 219 127 219 108 219 108 261 106 269 121 278 123 278 125 278 127 278 250 271 498 282 499 282 1267 278 1269 272 1267 237 1219 228 1215 228"/></Shape>
	    <String CONTENT="bres son ejemplares; es desgraciado porque cien años de au¬"
                    HPOS="106"
                    VPOS="219"
                    WIDTH="1163"
                    HEIGHT="63"></String>
          </TextLine>

          
          
          <TextLine ID="eSc_line_2a3b3252"
                    TAGREFS="LT746"
                    BASELINE="106 304 1269 313" 
                    HPOS="105"
                    VPOS="263"
                    WIDTH="1164"
                    HEIGHT="59">
            <Shape><Polygon POINTS="1213 272 1195 272 1176 272 1158 272 1156 272 1152 276 1152 278 1058 278 1055 274 1045 271 1029 271 1020 271 1016 274 1014 274 979 271 973 271 955 271 937 271 918 271 900 271 890 269 872 272 863 274 859 272 848 269 844 269 826 269 822 272 820 274 820 272 813 269 807 269 789 269 774 269 759 272 756 272 739 272 660 267 660 267 641 267 623 267 605 267 593 267 584 271 579 272 577 271 573 267 568 267 549 267 544 271 542 271 536 271 514 267 512 267 494 265 475 265 461 265 439 269 427 271 424 269 418 265 402 265 400 265 396 269 392 271 367 269 330 265 328 265 309 265 291 263 273 263 254 263 236 263 217 263 199 263 188 263 106 265 106 304 105 319 1265 322 1269 313 1267 278 1217 272 1213 272"/></Shape>
	    <String CONTENT="sencia lo han dejado sin familia y sin amigos.... á su edad la"
                    HPOS="105"
                    VPOS="263"
                    WIDTH="1164"
                    HEIGHT="59"></String>
          </TextLine>

          
          
          <TextLine ID="eSc_line_2838b7b3"
                    TAGREFS="LT746"
                    BASELINE="108 346 1270 355" 
                    HPOS="106"
                    VPOS="306"
                    WIDTH="1164"
                    HEIGHT="57">
            <Shape><Polygon POINTS="1254 319 1204 313 1197 313 1178 313 1160 313 1151 313 1145 319 1143 319 1139 319 1110 313 1104 313 1086 313 1080 313 1075 317 1071 319 1032 317 933 311 920 311 902 311 883 311 865 311 846 311 828 311 809 311 791 309 783 309 769 315 765 315 761 313 752 309 736 309 717 309 699 309 680 309 662 309 643 309 625 309 606 309 592 309 590 311 586 315 579 311 568 307 551 307 533 307 514 307 512 307 488 311 470 315 437 315 433 311 429 307 422 307 403 307 385 307 367 307 365 309 361 313 333 309 308 306 293 306 274 306 273 306 269 309 263 311 234 307 215 306 201 306 182 306 164 306 145 306 127 306 119 306 108 306 108 346 106 352 1267 363 1270 355 1267 343 1254 319"/></Shape>
	    <String CONTENT="vida se hace odiosa sin tener á quien amar, hagamosela mas"
                    HPOS="106"
                    VPOS="306"
                    WIDTH="1164"
                    HEIGHT="57"></String>
          </TextLine>

          
          
          <TextLine ID="eSc_line_e8a8171e"
                    TAGREFS="LT746"
                    BASELINE="106 387 1270 396" 
                    HPOS="105"
                    VPOS="348"
                    WIDTH="1165"
                    HEIGHT="63">
            <Shape><Polygon POINTS="106 387 105 394 202 405 204 405 319 398 333 398 335 398 356 407 357 407 359 407 492 400 523 400 534 402 573 409 575 409 706 403 771 402 1267 411 1270 396 1269 359 106 348 106 387"/></Shape>
	    <String CONTENT="llevadera dandole á Julia; ¡cuanto no se elevarán con almas"
                    HPOS="105"
                    VPOS="348"
                    WIDTH="1165"
                    HEIGHT="63"></String>
          </TextLine>

          
          
          <TextLine ID="eSc_line_bbf7fe96"
                    TAGREFS="LT746"
                    BASELINE="108 431 1272 440" 
                    HPOS="106"
                    VPOS="389"
                    WIDTH="1166"
                    HEIGHT="60">
            <Shape><Polygon POINTS="1256 405 1040 405 1027 402 1001 394 999 394 997 394 996 394 972 400 964 402 961 400 951 394 938 394 926 394 902 400 885 402 852 398 819 394 809 394 791 392 772 392 754 392 736 392 717 392 699 392 680 392 662 392 643 392 640 392 638 394 630 400 625 394 621 392 606 392 601 392 597 394 584 400 555 394 538 390 533 390 514 390 496 390 477 390 474 390 451 392 378 398 324 390 311 389 311 389 293 389 274 389 256 389 237 389 232 389 129 396 114 389 108 389 108 431 106 440 1269 449 1272 440 1269 427 1256 405"/></Shape>
	    <String CONTENT="tan intelijentes como las que Dios les ha dado, con corazones"
                    HPOS="106"
                    VPOS="389"
                    WIDTH="1166"
                    HEIGHT="60"></String>
          </TextLine>

          
          
          <TextLine ID="eSc_line_6307c82c"
                    TAGREFS="LT746"
                    BASELINE="108 472 1269 485" 
                    HPOS="106"
                    VPOS="433"
                    WIDTH="1163"
                    HEIGHT="72">
            <Shape><Polygon POINTS="1086 440 1068 440 1049 440 1016 446 979 440 968 438 957 438 949 438 948 440 938 448 924 440 920 438 920 438 902 438 883 438 865 438 846 438 828 438 809 438 791 437 772 437 754 437 736 437 717 437 699 437 680 437 671 437 669 438 662 444 601 444 593 438 592 437 588 437 569 435 551 435 533 435 514 435 496 435 490 435 488 437 483 442 461 437 448 435 440 435 422 435 403 435 385 435 367 435 348 435 339 433 108 435 108 472 106 483 154 490 156 490 158 490 160 490 169 485 177 479 180 485 191 492 191 494 193 494 195 494 274 496 276 496 339 485 361 481 381 485 420 494 422 494 424 494 426 494 437 485 439 485 649 485 676 486 820 499 822 499 824 499 846 486 848 486 854 486 937 503 938 503 1077 490 1132 505 1134 505 1136 505 1267 488 1269 485 1265 442 1119 449 1090 440 1086 440"/></Shape>
	    <String CONTENT="tan puros, con tan brillante edad: ea, señor, una buena reso¬"
                    HPOS="106"
                    VPOS="433"
                    WIDTH="1163"
                    HEIGHT="72"></String>
          </TextLine>

          
          
          <TextLine ID="eSc_line_fd053e15"
                    TAGREFS="LT746"
                    BASELINE="108 518 844 523" 
                    HPOS="106"
                    VPOS="473"
                    WIDTH="738"
                    HEIGHT="67">
            <Shape><Polygon POINTS="828 481 819 485 811 481 809 481 791 481 772 481 754 479 736 479 717 479 699 479 680 479 662 479 643 479 625 479 612 479 599 486 494 486 483 477 477 477 459 477 448 477 422 485 379 475 367 475 348 475 333 475 320 485 202 485 184 473 182 473 164 473 158 473 130 483 116 473 110 473 108 518 106 529 210 538 212 538 213 538 230 529 239 525 293 525 302 529 320 538 322 538 420 540 422 540 424 540 446 529 450 527 584 527 586 529 593 538 595 538 595 540 597 540 599 540 601 540 603 540 605 540 617 529 656 540 658 540 660 540 662 540 664 540 664 538 673 529 842 527 844 523 839 481 828 481"/></Shape>
	    <String CONTENT="lucion y unirlos; que te parece Julia?"
                    HPOS="106"
                    VPOS="473"
                    WIDTH="738"
                    HEIGHT="67"></String>
          </TextLine>

          
          
          <TextLine ID="eSc_line_9df77e79"
                    TAGREFS="LT746"
                    BASELINE="195 560 1272 569" 
                    HPOS="193"
                    VPOS="516"
                    WIDTH="1079"
                    HEIGHT="72">
            <Shape><Polygon POINTS="841 523 822 523 804 523 785 523 767 523 748 523 739 523 678 525 647 525 645 525 641 523 638 523 619 523 601 523 582 521 564 521 546 521 527 521 509 521 490 521 472 521 453 521 435 521 418 521 415 523 411 523 282 523 280 521 273 520 269 520 250 520 232 520 213 520 201 520 195 520 195 560 193 566 237 579 239 579 241 580 309 580 309 579 311 579 313 579 313 577 322 568 324 568 330 568 409 580 411 580 413 580 440 569 455 580 457 580 459 580 461 580 533 571 546 569 566 571 673 582 675 582 721 573 732 571 780 573 929 582 931 582 933 582 949 575 951 575 953 575 970 584 972 584 973 584 975 584 992 577 996 575 1005 577 1056 586 1058 588 1058 586 1104 577 1119 575 1128 579 1149 586 1151 586 1152 586 1154 586 1156 586 1167 579 1171 577 1173 579 1184 586 1186 586 1187 586 1189 586 1270 579 1272 569 1272 531 1239 518 1237 518 1235 518 1149 529 1147 529 1143 529 1056 516 1055 516 1053 516 1051 516 1038 529 1007 529 996 518 996 516 994 516 992 516 990 516 841 520 841 523"/></Shape>
	    <String CONTENT="–Pero señor [dijo el amigo de D. Prospero] la opinion"
                    HPOS="193"
                    VPOS="516"
                    WIDTH="1079"
                    HEIGHT="72"></String>
          </TextLine>

          
          
          <TextLine ID="eSc_line_17818ade"
                    TAGREFS="LT746"
                    BASELINE="106 601 1270 612" 
                    HPOS="105"
                    VPOS="549"
                    WIDTH="1165"
                    HEIGHT="74">
            <Shape><Polygon POINTS="1213 569 1211 569 1199 575 1191 577 1187 575 1182 569 1176 569 1158 569 1152 569 1141 573 1134 575 1130 573 1125 569 1121 569 1103 569 1088 569 1080 571 1064 575 1045 571 1031 568 1029 568 1010 568 994 568 990 569 977 575 968 569 964 568 955 568 937 568 918 568 900 568 881 568 863 568 844 568 826 566 807 566 789 566 771 566 752 566 734 566 715 566 710 566 689 573 660 566 660 566 641 566 623 564 605 564 586 564 568 564 549 564 531 564 527 564 514 571 503 564 494 564 475 564 463 571 302 571 250 569 239 562 236 562 217 562 199 562 193 549 106 549 106 601 105 610 1267 623 1270 612 1269 577 1230 569 1213 569"/></Shape>
	    <String CONTENT="mia no es esa, y pues que se me ha llamado para darla, de¬"
                    HPOS="105"
                    VPOS="549"
                    WIDTH="1165"
                    HEIGHT="74"></String>
          </TextLine>

          
          
          <TextLine ID="eSc_line_a4aa1550"
                    TAGREFS="LT746"
                    BASELINE="106 643 1270 654" 
                    HPOS="105"
                    VPOS="603"
                    WIDTH="1165"
                    HEIGHT="71">
            <Shape><Polygon POINTS="1250 612 1239 612 1173 619 1162 612 1158 612 1139 612 1121 612 1103 612 1084 612 1066 610 1047 610 1029 610 1010 610 1007 610 994 617 992 617 902 617 887 614 865 608 863 608 844 608 831 608 826 614 824 614 817 614 780 608 771 608 752 608 734 608 717 608 712 610 695 615 682 610 673 606 660 606 641 606 623 606 605 606 586 606 581 606 579 608 571 614 557 608 551 606 549 606 531 606 514 606 494 614 468 606 461 604 457 604 439 604 420 604 413 604 381 612 201 603 199 603 140 610 118 603 106 603 106 643 105 658 118 667 119 667 121 667 123 669 193 669 193 667 195 667 197 667 217 654 223 650 228 654 245 667 247 667 249 667 250 667 252 667 291 658 304 669 306 669 308 669 309 669 311 669 337 654 341 652 363 652 367 654 378 665 378 667 379 667 381 667 383 667 385 667 413 654 415 654 427 665 427 667 429 667 431 667 494 671 496 671 593 658 776 665 778 665 828 656 833 656 837 656 866 667 868 667 870 667 872 667 911 658 953 669 955 669 957 669 959 669 983 658 1079 671 1080 673 1167 673 1167 671 1169 671 1189 660 1210 674 1211 674 1213 674 1215 674 1217 674 1269 658 1270 654 1269 619 1261 612 1250 612"/></Shape>
	    <String CONTENT="bo decir que primeramente D. Artur es un muchacho, que"
                    HPOS="105"
                    VPOS="603"
                    WIDTH="1165"
                    HEIGHT="71"></String>
          </TextLine>

          
          
          <TextLine ID="eSc_line_ef7f2b40"
                    TAGREFS="LT746"
                    BASELINE="106 689 440 689" 
                    HPOS="106"
                    VPOS="645"
                    WIDTH="334"
                    HEIGHT="76">
            <Shape><Polygon POINTS="420 647 409 647 363 656 361 656 359 656 350 647 346 647 333 647 311 654 284 645 282 645 280 645 278 645 252 656 249 656 245 656 208 645 206 645 204 645 202 645 178 656 177 656 106 656 106 689 106 721 184 721 184 719 186 719 188 719 210 702 265 702 285 715 287 715 289 715 291 715 293 715 328 702 344 717 346 717 348 717 350 717 413 706 437 719 440 689 440 652 427 647 420 647"/></Shape>
	    <String CONTENT="no está formado."
                    HPOS="106"
                    VPOS="645"
                    WIDTH="334"
                    HEIGHT="76"></String>
          </TextLine>

          
          
          <TextLine ID="eSc_line_2abd8fe6"
                    TAGREFS="LT746"
                    BASELINE="197 730 1269 739" 
                    HPOS="195"
                    VPOS="676"
                    WIDTH="1074"
                    HEIGHT="78">
            <Shape><Polygon POINTS="437 691 418 691 411 691 400 691 381 691 363 691 344 691 326 691 308 691 289 691 271 691 252 691 234 691 215 691 197 691 197 730 195 737 260 737 269 745 269 746 271 746 273 746 274 746 437 739 446 746 446 748 448 748 450 748 451 748 588 739 593 739 595 739 656 750 658 750 1064 745 1097 754 1099 754 1101 754 1176 745 1246 754 1248 754 1250 754 1252 754 1267 743 1269 739 1265 693 1186 698 1173 691 1167 687 1165 687 1163 687 1162 687 1141 691 1110 698 1101 691 1097 687 1095 687 1093 687 1092 687 1090 687 1080 691 1064 698 1058 691 1056 691 1056 689 1055 689 1053 689 1051 689 1040 691 1023 695 1020 691 1007 680 1005 680 1003 680 1001 680 926 689 852 680 850 680 848 680 846 680 831 689 824 695 819 689 804 678 802 678 800 678 798 678 756 687 730 678 728 678 726 678 724 678 723 678 723 680 712 689 708 691 702 689 662 678 660 678 549 676 547 676 470 686 444 676 442 676 437 691"/></Shape>
	    <String CONTENT="–Vaya que la idea es pieza! ¿le falta acaso algun col¬"
                    HPOS="195"
                    VPOS="676"
                    WIDTH="1074"
                    HEIGHT="78"></String>
          </TextLine>

          
          
          <TextLine ID="eSc_line_a3e8c393"
                    TAGREFS="LT746"
                    BASELINE="105 772 1269 783" 
                    HPOS="103"
                    VPOS="719"
                    WIDTH="1166"
                    HEIGHT="79">
            <Shape><Polygon POINTS="1248 739 1243 739 1235 743 1215 739 1211 739 1193 739 1175 739 1162 739 1156 745 1084 745 1079 739 1064 739 1045 737 1027 737 1009 737 997 737 972 741 933 737 916 737 898 737 879 737 861 737 842 737 824 735 813 735 800 741 689 741 612 733 603 733 584 733 566 733 547 733 529 733 518 733 512 737 507 733 492 733 474 733 455 733 437 733 418 733 402 732 374 735 365 732 363 732 344 732 326 732 309 732 298 735 254 732 252 732 234 732 215 732 197 732 193 726 105 719 105 772 103 787 319 791 320 791 322 791 335 787 363 781 490 781 499 787 505 792 507 792 509 792 510 792 595 787 678 783 688 787 695 794 697 794 699 794 700 794 759 787 789 785 815 787 881 796 883 796 983 787 1001 787 1007 787 1031 796 1032 796 1034 796 1036 796 1038 796 1051 787 1053 787 1055 787 1075 798 1077 798 1079 798 1267 787 1269 783 1263 739 1248 739"/></Shape>
	    <String CONTENT="millo? ¡no está formado! ¿y a que edad quiere U. que se for¬"
                    HPOS="103"
                    VPOS="719"
                    WIDTH="1166"
                    HEIGHT="79"></String>
          </TextLine>

          
          
          <TextLine ID="eSc_line_dd778d5c"
                    TAGREFS="LT746"
                    BASELINE="106 815 1130 824" 
                    HPOS="105"
                    VPOS="774"
                    WIDTH="1025"
                    HEIGHT="66">
            <Shape><Polygon POINTS="1029 781 1010 781 992 781 973 781 955 781 937 781 918 781 900 781 892 781 890 783 887 781 881 781 863 780 844 780 826 780 807 780 789 780 771 780 752 780 737 780 726 783 721 783 715 781 706 780 697 780 678 778 660 778 641 778 623 778 605 778 586 778 568 778 549 778 536 778 533 781 531 781 522 778 512 778 494 778 485 776 483 780 472 776 457 776 439 776 433 780 431 781 348 781 346 780 343 776 328 776 309 776 291 774 273 774 254 774 236 774 217 774 106 776 106 815 105 833 226 835 228 835 230 835 234 833 263 822 295 822 308 833 309 835 309 837 311 837 313 837 315 837 346 833 411 826 420 833 422 835 424 835 426 835 427 835 429 835 433 833 453 824 507 824 514 833 520 837 520 839 522 839 523 839 525 839 527 839 542 833 564 826 717 826 758 833 800 840 802 840 804 840 826 833 839 828 852 833 870 840 872 840 874 840 876 840 909 833 922 829 935 833 962 840 964 840 966 840 968 840 970 840 979 833 983 831 985 833 992 839 994 839 996 839 997 839 1044 833 1053 831 1055 833 1062 839 1062 840 1064 840 1066 840 1068 840 1128 831 1130 824 1128 787 1032 781 1029 781"/></Shape>
	    <String CONTENT="me á los 50 años? sepa U. mi amigo que á los...."
                    HPOS="105"
                    VPOS="774"
                    WIDTH="1025"
                    HEIGHT="66"></String>
          </TextLine>

          
          
          <TextLine ID="eSc_line_64f18572"
                    TAGREFS="LT746"
                    BASELINE="197 857 1270 870" 
                    HPOS="195"
                    VPOS="816"
                    WIDTH="1075"
                    HEIGHT="71">
            <Shape><Polygon POINTS="1119 824 1112 824 1010 828 992 824 990 824 972 824 953 824 935 824 916 822 913 822 894 826 868 822 861 822 842 822 824 822 817 822 809 826 798 822 787 822 769 822 750 822 732 822 713 820 695 820 680 820 676 820 658 820 640 820 621 820 603 820 584 820 566 820 547 820 544 822 494 822 490 818 474 818 457 818 451 822 352 822 333 818 326 818 308 816 289 816 271 816 252 816 234 816 215 816 208 816 197 816 197 857 195 868 304 875 306 875 308 875 320 872 337 864 344 872 350 875 350 877 352 877 354 877 356 877 357 877 368 872 381 866 461 866 468 874 472 875 472 877 474 877 475 877 520 879 522 879 568 875 645 868 667 877 676 881 678 881 680 881 741 879 865 872 1014 883 1047 885 1049 885 1051 885 1055 883 1073 875 1092 885 1093 885 1095 885 1097 885 1110 885 1222 875 1265 887 1270 870 1267 818 1119 822 1119 824"/></Shape>
	    <String CONTENT="–Pero señor dejeme U. por Dios acabar, despnes dirá"
                    HPOS="195"
                    VPOS="816"
                    WIDTH="1075"
                    HEIGHT="71"></String>
          </TextLine>

          
          
          <TextLine ID="eSc_line_a1b8519f"
                    TAGREFS="LT746"
                    BASELINE="108 898 455 903" 
                    HPOS="106"
                    VPOS="842"
                    WIDTH="349"
                    HEIGHT="81">
            <Shape><Polygon POINTS="420 861 418 861 416 861 415 861 403 868 402 870 398 868 387 861 385 861 367 861 356 859 348 863 326 872 226 872 212 859 201 859 193 844 193 844 108 842 108 898 106 922 201 923 202 923 204 923 206 923 212 918 226 907 245 916 249 918 250 918 252 918 269 916 317 907 326 912 335 920 337 920 339 920 341 920 453 907 455 903 455 872 422 861 420 861"/></Shape>
	    <String CONTENT="U. lo que quiera."
                    HPOS="106"
                    VPOS="842"
                    WIDTH="349"
                    HEIGHT="81"></String>
          </TextLine>

          
          
          <TextLine ID="eSc_line_18a876a5"
                    TAGREFS="LT746"
                    BASELINE="191 942 1056 949" 
                    HPOS="189"
                    VPOS="888"
                    WIDTH="867"
                    HEIGHT="76">
            <Shape><Polygon POINTS="450 903 431 903 413 903 394 903 376 903 357 903 339 901 320 901 302 901 284 901 265 901 250 901 247 901 228 901 210 899 191 899 191 942 189 955 403 949 418 957 424 960 426 960 427 960 429 960 518 957 606 951 617 955 629 960 630 960 632 960 741 955 780 953 783 955 793 962 795 962 796 962 798 962 874 955 1034 964 1036 964 1038 964 1040 964 1055 953 1056 949 1055 899 927 892 926 892 892 899 861 905 842 899 820 890 819 890 817 890 586 898 546 888 544 888 542 888 540 888 520 899 518 899 514 899 483 888 481 888 479 888 477 888 451 899 450 899 450 903"/></Shape>
	    <String CONTENT="–Diga U. cuanto se le venga á la memoria."
                    HPOS="189"
                    VPOS="888"
                    WIDTH="867"
                    HEIGHT="76"></String>
          </TextLine>

          
          
          <TextLine ID="eSc_line_708d5313"
                    TAGREFS="LT746"
                    BASELINE="189 984 1270 995" 
                    HPOS="188"
                    VPOS="944"
                    WIDTH="1082"
                    HEIGHT="66">
            <Shape><Polygon POINTS="1038 949 1020 949 1001 949 988 949 962 955 957 955 951 955 916 949 909 949 890 949 872 949 854 949 835 947 817 947 809 947 748 953 732 953 730 953 719 947 706 947 688 947 669 947 651 947 632 947 614 946 595 946 577 946 558 946 553 946 453 949 433 949 431 949 426 946 411 946 392 944 374 944 363 946 359 944 356 944 337 944 319 944 317 944 306 947 304 947 189 947 189 984 188 999 1267 1010 1270 995 1270 958 1195 946 1193 946 1147 957 1143 957 1141 957 1114 946 1112 946 1110 946 1108 946 1106 946 1092 955 1042 949 1038 949"/></Shape>
	    <String CONTENT="–Ademas de ser muchacho, en las pocas veces que lo"
                    HPOS="188"
                    VPOS="944"
                    WIDTH="1082"
                    HEIGHT="66"></String>
          </TextLine>

          
          
          <TextLine ID="eSc_line_3be11cde"
                    TAGREFS="LT746"
                    BASELINE="101 1025 920 1034" 
                    HPOS="99"
                    VPOS="973"
                    WIDTH="821"
                    HEIGHT="74">
            <Shape><Polygon POINTS="913 994 894 992 876 992 857 992 839 992 820 992 802 992 783 992 765 992 747 992 728 990 710 990 708 990 702 994 595 994 569 990 562 990 544 988 525 988 507 988 488 988 470 988 451 988 439 988 435 990 427 988 415 988 396 988 378 988 370 986 370 988 245 988 241 986 230 986 212 986 193 986 189 973 116 973 101 994 101 1025 99 1032 132 1043 134 1043 136 1043 420 1038 433 1047 435 1047 437 1047 439 1047 918 1041 920 1034 920 994 913 994"/></Shape>
	    <String CONTENT="he tratado lo he juzgado por un.... loco!"
                    HPOS="99"
                    VPOS="973"
                    WIDTH="821"
                    HEIGHT="74"></String>
          </TextLine>

          
          
          <TextLine ID="eSc_line_e524f519"
                    TAGREFS="LT746"
                    BASELINE="191 1069 1269 1078" 
                    HPOS="189"
                    VPOS="1027"
                    WIDTH="1080"
                    HEIGHT="64">
            <Shape><Polygon POINTS="763 1034 745 1032 737 1032 713 1038 710 1038 702 1038 653 1032 653 1032 634 1032 616 1032 597 1032 593 1030 568 1036 555 1030 542 1030 525 1030 512 1036 510 1038 444 1038 440 1036 433 1030 431 1030 413 1029 411 1029 405 1034 324 1029 320 1029 302 1029 284 1029 265 1029 250 1027 191 1032 191 1069 189 1075 243 1088 245 1088 363 1078 367 1078 368 1078 403 1089 405 1089 407 1091 481 1091 481 1089 483 1089 485 1089 485 1088 494 1080 534 1089 536 1091 1267 1091 1269 1078 1269 1043 1219 1030 1217 1030 1032 1029 929 1029 927 1029 926 1029 924 1029 924 1030 913 1040 783 1040 783 1038 778 1034 763 1034"/></Shape>
	    <String CONTENT="–Basta, amigo, dijo el anciano; para hablar candideces"
                    HPOS="189"
                    VPOS="1027"
                    WIDTH="1080"
                    HEIGHT="64"></String>
          </TextLine>

          
          
          <TextLine ID="eSc_line_d2606ff4"
                    TAGREFS="LT746"
                    BASELINE="101 1112 1269 1123" 
                    HPOS="99"
                    VPOS="1056"
                    WIDTH="1170"
                    HEIGHT="74">
            <Shape><Polygon POINTS="1079 1078 1060 1078 1042 1076 1023 1076 1005 1076 986 1076 946 1082 903 1076 894 1076 876 1076 857 1076 839 1076 833 1075 807 1082 743 1075 728 1075 710 1075 691 1075 673 1075 654 1075 636 1075 617 1073 599 1073 586 1073 531 1080 520 1073 507 1073 488 1073 470 1073 451 1073 431 1078 405 1071 396 1071 378 1071 374 1071 361 1080 298 1080 256 1078 247 1071 230 1071 212 1071 193 1071 188 1058 101 1056 101 1112 99 1126 1265 1130 1269 1123 1265 1084 1099 1084 1082 1078 1079 1078"/></Shape>
	    <String CONTENT="hay tiempo, con tales premisas, se le puede á U. dar gracias"
                    HPOS="99"
                    VPOS="1056"
                    WIDTH="1170"
                    HEIGHT="74"></String>
          </TextLine>

          
          
          <TextLine ID="eSc_line_0f8ddd49"
                    TAGREFS="LT746"
                    BASELINE="103 1156 1267 1165" 
                    HPOS="103"
                    VPOS="1117"
                    WIDTH="1164"
                    HEIGHT="63">
            <Shape><Polygon POINTS="103 1156 103 1171 551 1165 621 1176 630 1176 632 1176 651 1176 800 1167 870 1178 878 1178 879 1178 894 1178 1034 1169 1263 1180 1267 1165 1265 1126 103 1117 103 1156"/></Shape>
	    <String CONTENT="por las consecuencias; la opinion de U. y la de todos no me"
                    HPOS="103"
                    VPOS="1117"
                    WIDTH="1164"
                    HEIGHT="63"></String>
          </TextLine>

          
          
          <TextLine ID="eSc_line_29c8637f"
                    TAGREFS="LT746"
                    BASELINE="101 1198 1265 1207" 
                    HPOS="99"
                    VPOS="1158"
                    WIDTH="1166"
                    HEIGHT="62">
            <Shape><Polygon POINTS="1189 1165 1171 1165 1152 1165 1134 1165 1116 1165 1097 1165 1079 1165 1060 1165 1042 1165 1023 1163 1005 1163 986 1163 968 1163 949 1163 931 1163 913 1163 894 1163 890 1163 887 1165 881 1167 879 1165 878 1163 876 1163 857 1163 839 1163 820 1163 802 1163 783 1161 765 1161 747 1161 728 1161 710 1161 691 1161 673 1161 654 1161 636 1161 617 1161 612 1161 595 1163 568 1165 557 1163 544 1159 525 1159 507 1159 488 1159 470 1159 451 1159 433 1159 415 1159 413 1159 389 1161 363 1163 357 1161 352 1159 341 1159 322 1158 309 1158 302 1161 300 1161 101 1161 101 1198 99 1206 1261 1220 1265 1207 1263 1167 1204 1165 1189 1165"/></Shape>
	    <String CONTENT="importa nada; y mi conclusion es de que amando Artur á"
                    HPOS="99"
                    VPOS="1158"
                    WIDTH="1166"
                    HEIGHT="62"></String>
          </TextLine>

          
          
          <TextLine ID="eSc_line_3ad717e2"
                    TAGREFS="LT746"
                    BASELINE="101 1239 1265 1250" 
                    HPOS="99"
                    VPOS="1202"
                    WIDTH="1166"
                    HEIGHT="64">
            <Shape><Polygon POINTS="101 1239 99 1255 1021 1255 1029 1255 1069 1266 1071 1266 1073 1266 1263 1255 1265 1250 1263 1215 101 1202 101 1239"/></Shape>
	    <String CONTENT="Julia y estando correspondido, no permitiré la desgracia de"
                    HPOS="99"
                    VPOS="1202"
                    WIDTH="1166"
                    HEIGHT="64"></String>
          </TextLine>

          
          
          <TextLine ID="eSc_line_a2a9825c"
                    TAGREFS="LT746"
                    BASELINE="101 1281 1263 1290" 
                    HPOS="99"
                    VPOS="1241"
                    WIDTH="1164"
                    HEIGHT="64">
            <Shape><Polygon POINTS="1042 1248 1023 1248 1005 1248 986 1248 968 1248 949 1248 931 1248 913 1248 894 1248 854 1250 819 1252 809 1250 791 1246 783 1246 765 1246 747 1246 743 1246 732 1250 728 1250 712 1250 641 1244 636 1244 617 1244 599 1244 582 1244 571 1248 566 1250 558 1248 547 1244 544 1244 525 1244 507 1244 488 1242 470 1242 451 1242 433 1242 415 1242 396 1242 378 1242 359 1242 341 1242 322 1242 304 1242 296 1241 101 1242 101 1281 99 1289 1044 1305 1045 1305 1261 1296 1263 1290 1261 1255 1064 1255 1056 1252 1042 1248 1042 1248"/></Shape>
	    <String CONTENT="ambos separandolos; soy viejo y conozco el mundo, tengo mo¬"
                    HPOS="99"
                    VPOS="1241"
                    WIDTH="1164"
                    HEIGHT="64"></String>
          </TextLine>

          
          
          <TextLine ID="eSc_line_6c71dc25"
                    TAGREFS="LT746"
                    BASELINE="101 1324 1263 1331" 
                    HPOS="99"
                    VPOS="1283"
                    WIDTH="1164"
                    HEIGHT="55">
            <Shape><Polygon POINTS="1134 1290 1116 1290 1097 1290 1079 1290 1060 1290 1042 1290 1023 1289 1005 1289 986 1289 968 1289 949 1289 931 1289 913 1289 894 1289 876 1289 857 1289 839 1289 820 1289 802 1289 787 1287 682 1290 649 1287 636 1287 617 1287 599 1287 581 1287 562 1285 544 1285 525 1285 509 1285 426 1289 411 1285 396 1285 378 1285 359 1285 341 1285 322 1283 304 1283 285 1283 267 1283 184 1287 151 1283 138 1283 119 1283 101 1283 101 1324 99 1331 1259 1338 1263 1331 1261 1294 1149 1290 1134 1290"/></Shape>
	    <String CONTENT="tivos para hablar con fundamento, separarlos ya, seria el prin¬"
                    HPOS="99"
                    VPOS="1283"
                    WIDTH="1164"
                    HEIGHT="55"></String>
          </TextLine>

          
          
          <TextLine ID="eSc_line_2baabbec"
                    TAGREFS="LT746"
                    BASELINE="101 1368 1206 1377" 
                    HPOS="99"
                    VPOS="1325"
                    WIDTH="1107"
                    HEIGHT="65">
            <Shape><Polygon POINTS="1005 1331 986 1331 968 1329 354 1333 335 1333 326 1325 322 1325 304 1325 285 1325 276 1325 116 1331 101 1364 101 1368 99 1381 265 1375 309 1384 320 1386 322 1386 367 1384 534 1377 662 1386 673 1386 675 1386 676 1386 695 1379 700 1386 702 1386 702 1388 704 1388 706 1388 708 1388 719 1386 763 1379 837 1388 866 1390 868 1390 870 1390 872 1390 876 1388 885 1381 913 1388 924 1390 926 1390 927 1390 1204 1388 1206 1377 1204 1340 1020 1331 1005 1331"/></Shape>
	    <String CONTENT="cipio de graves consecuencias; yo resuelvo, pues, unirlos."
                    HPOS="99"
                    VPOS="1325"
                    WIDTH="1107"
                    HEIGHT="65"></String>
          </TextLine>

          
          
          <TextLine ID="eSc_line_7cfbaf34"
                    TAGREFS="LT746"
                    BASELINE="191 1408 1265 1418" 
                    HPOS="189"
                    VPOS="1370"
                    WIDTH="1076"
                    HEIGHT="64">
            <Shape><Polygon POINTS="1206 1377 1187 1377 1169 1377 1151 1377 1143 1377 1084 1379 1071 1377 1058 1377 1040 1377 1021 1377 1003 1377 985 1375 966 1375 948 1375 940 1375 927 1377 920 1375 911 1375 892 1375 874 1375 868 1375 866 1377 846 1375 837 1375 819 1375 800 1375 782 1375 763 1373 745 1373 726 1373 715 1373 708 1375 669 1373 653 1373 634 1373 616 1373 597 1373 579 1373 560 1373 542 1372 523 1372 505 1372 486 1372 468 1372 450 1372 444 1372 424 1373 420 1372 413 1372 394 1372 376 1372 357 1372 339 1372 320 1370 302 1370 284 1370 265 1370 247 1370 232 1370 191 1370 191 1408 189 1418 376 1427 378 1427 379 1427 398 1420 403 1418 405 1420 416 1429 418 1429 420 1429 422 1429 582 1421 617 1420 634 1421 706 1431 708 1431 815 1421 828 1421 830 1421 844 1432 846 1432 848 1432 850 1432 1036 1423 1047 1423 1053 1423 1151 1434 1152 1434 1263 1423 1265 1418 1263 1373 1206 1373 1206 1377"/></Shape>
	    <String CONTENT="–Pero señor, observe U. que.... [dijeron á un tiempo"
                    HPOS="189"
                    VPOS="1370"
                    WIDTH="1076"
                    HEIGHT="64"></String>
          </TextLine>

          
          
          <TextLine ID="eSc_line_ccde3600"
                    TAGREFS="LT746"
                    BASELINE="97 1453 1003 1458" 
                    HPOS="95"
                    VPOS="1399"
                    WIDTH="908"
                    HEIGHT="78">
            <Shape><Polygon POINTS="983 1416 964 1416 946 1416 927 1416 855 1421 842 1414 835 1414 817 1414 809 1414 789 1421 754 1414 743 1414 726 1414 713 1421 706 1414 688 1414 675 1414 640 1420 608 1412 595 1412 577 1412 558 1412 540 1412 522 1412 503 1412 501 1412 431 1420 420 1412 411 1412 392 1410 374 1410 367 1410 319 1418 308 1410 300 1410 282 1410 278 1410 258 1418 243 1410 226 1410 208 1410 189 1408 184 1399 97 1399 97 1453 95 1466 103 1471 105 1471 106 1471 108 1471 337 1464 361 1464 370 1464 424 1473 426 1473 581 1467 671 1466 684 1469 699 1475 700 1475 702 1477 1001 1477 1003 1458 999 1416 983 1416"/></Shape>
	    <String CONTENT="el padre de Julia y el amigo de D. Prospero]"
                    HPOS="95"
                    VPOS="1399"
                    WIDTH="908"
                    HEIGHT="78"></String>
          </TextLine>

          
          
          <TextLine ID="eSc_line_f292fe40"
                    TAGREFS="LT746"
                    BASELINE="210 1497 1263 1506" 
                    HPOS="208"
                    VPOS="1455"
                    WIDTH="1055"
                    HEIGHT="57">
            <Shape><Polygon POINTS="819 1458 800 1458 782 1458 763 1458 745 1458 739 1458 656 1462 632 1462 629 1462 612 1456 597 1456 579 1456 575 1460 571 1456 560 1456 542 1456 536 1456 523 1460 522 1460 378 1460 378 1458 372 1455 357 1455 348 1455 343 1458 341 1458 315 1455 302 1455 284 1455 265 1455 247 1455 234 1455 210 1456 210 1497 208 1510 1259 1512 1263 1506 1263 1467 1241 1456 1239 1456 1132 1456 1130 1456 1128 1456 1127 1456 1112 1466 1110 1466 1051 1455 1049 1455 996 1466 985 1466 844 1466 842 1464 833 1458 819 1458"/></Shape>
	    <String CONTENT="–¡Silencio señores! el asunto es mio, les prohibo á UU."
                    HPOS="208"
                    VPOS="1455"
                    WIDTH="1055"
                    HEIGHT="57"></String>
          </TextLine>

          
          
          <TextLine ID="eSc_line_0d2b0343"
                    TAGREFS="LT746"
                    BASELINE="101 1538 1163 1545" 
                    HPOS="99"
                    VPOS="1484"
                    WIDTH="1064"
                    HEIGHT="76">
            <Shape><Polygon POINTS="1152 1506 1134 1506 1116 1506 1097 1506 1079 1506 1060 1506 1042 1504 1034 1504 973 1506 942 1504 931 1504 913 1504 894 1504 876 1504 857 1504 839 1502 820 1502 802 1502 783 1502 765 1502 747 1502 728 1502 710 1502 691 1502 673 1502 662 1502 649 1504 643 1502 636 1502 617 1501 599 1501 581 1501 566 1501 562 1501 544 1501 525 1501 507 1501 488 1501 470 1501 451 1501 433 1501 427 1499 415 1502 212 1502 197 1488 197 1486 195 1486 193 1486 101 1484 101 1538 99 1547 105 1552 105 1554 106 1554 108 1554 110 1554 343 1547 350 1547 352 1547 363 1556 365 1556 367 1556 368 1556 560 1550 627 1549 1160 1560 1163 1545 1160 1506 1152 1506"/></Shape>
	    <String CONTENT="tomar parte en él; [dijo el anciano sin dejarlos acabar]"
                    HPOS="99"
                    VPOS="1484"
                    WIDTH="1064"
                    HEIGHT="76"></String>
          </TextLine>

          
          
          <TextLine ID="eSc_line_597942cb"
                    TAGREFS="LT746"
                    BASELINE="188 1578 1261 1589" 
                    HPOS="186"
                    VPOS="1539"
                    WIDTH="1075"
                    HEIGHT="72">
            <Shape><Polygon POINTS="1128 1545 1121 1545 1106 1550 1077 1545 1073 1545 1055 1545 1038 1545 1020 1550 1003 1545 999 1545 981 1545 962 1545 949 1545 905 1550 876 1543 870 1543 852 1543 833 1543 815 1543 796 1543 778 1543 759 1543 750 1543 704 1545 693 1543 686 1543 667 1543 649 1543 632 1541 627 1547 605 1541 593 1541 575 1541 557 1541 538 1541 520 1541 501 1541 499 1541 455 1545 448 1541 446 1541 427 1541 409 1541 391 1541 372 1541 354 1539 335 1539 317 1539 302 1539 228 1543 212 1539 206 1539 188 1539 188 1578 186 1584 261 1597 263 1597 308 1587 309 1587 311 1587 330 1604 330 1606 332 1606 333 1606 367 1608 368 1609 525 1609 525 1608 527 1608 529 1608 529 1606 542 1593 546 1591 625 1591 630 1597 634 1598 634 1600 636 1600 638 1600 640 1600 641 1600 654 1597 675 1591 717 1598 743 1602 745 1602 793 1600 865 1597 870 1602 876 1606 876 1608 878 1608 879 1608 881 1608 883 1608 885 1608 890 1602 903 1595 1044 1606 1086 1609 1088 1609 1090 1609 1092 1609 1093 1608 1104 1597 1173 1597 1191 1609 1191 1611 1193 1611 1195 1611 1197 1611 1206 1611 1245 1604 1254 1611 1261 1589 1258 1549 1147 1552 1139 1547 1138 1545 1128 1545"/></Shape>
	    <String CONTENT="Todos se salieron uno à uno; Julia y mi amigo se que¬"
                    HPOS="186"
                    VPOS="1539"
                    WIDTH="1075"
                    HEIGHT="72"></String>
          </TextLine>

          
          
          <TextLine ID="eSc_line_99dfd108"
                    TAGREFS="LT746"
                    BASELINE="97 1624 332 1621" 
                    HPOS="95"
                    VPOS="1571"
                    WIDTH="237"
                    HEIGHT="77">
            <Shape><Polygon POINTS="317 1580 298 1580 289 1580 287 1580 280 1580 261 1580 243 1580 225 1580 206 1580 188 1580 184 1573 147 1571 145 1571 143 1571 142 1571 142 1573 130 1582 130 1584 95 1584 97 1624 97 1637 175 1648 177 1648 213 1641 260 1633 330 1644 332 1621 330 1580 317 1580"/></Shape>
	    <String CONTENT="daron solos."
                    HPOS="95"
                    VPOS="1571"
                    WIDTH="237"
                    HEIGHT="77"></String>
          </TextLine>

          
          
          <TextLine ID="eSc_line_507d58f4"
                    TAGREFS="LT746"
                    BASELINE="188 1665 1261 1676" 
                    HPOS="186"
                    VPOS="1608"
                    WIDTH="1075"
                    HEIGHT="77">
            <Shape><Polygon POINTS="298 1622 280 1622 261 1622 243 1622 225 1622 206 1624 188 1624 188 1665 186 1670 1258 1685 1261 1676 1261 1633 1228 1621 1226 1621 1224 1621 1222 1621 1221 1621 1206 1632 1206 1633 1112 1633 1110 1632 1082 1619 1080 1619 1079 1619 994 1630 981 1619 981 1617 979 1617 977 1617 975 1617 914 1630 911 1630 889 1613 887 1613 885 1613 883 1613 756 1622 724 1611 723 1611 721 1611 629 1626 625 1626 601 1611 599 1611 597 1611 595 1611 593 1611 564 1621 549 1609 547 1609 546 1609 418 1609 416 1609 415 1609 413 1609 413 1611 398 1624 368 1608 367 1608 365 1608 363 1608 335 1622 333 1622 317 1622 298 1622"/></Shape>
	    <String CONTENT="–Con que, hijita, estás contenta? si.... ó no; si quieres que"
                    HPOS="186"
                    VPOS="1608"
                    WIDTH="1075"
                    HEIGHT="77"></String>
          </TextLine>

          
          
          <TextLine ID="eSc_line_e4e79073"
                    TAGREFS="LT746"
                    BASELINE="99 1707 693 1713" 
                    HPOS="97"
                    VPOS="1670"
                    WIDTH="596"
                    HEIGHT="61">
            <Shape><Polygon POINTS="99 1707 97 1726 236 1727 237 1727 254 1724 296 1715 337 1722 365 1727 367 1727 415 1722 457 1716 490 1716 492 1720 499 1729 501 1729 501 1731 503 1731 505 1731 507 1731 509 1731 510 1731 510 1729 523 1720 525 1718 538 1720 632 1731 634 1731 691 1716 693 1713 691 1676 99 1670 99 1707"/></Shape>
	    <String CONTENT="no suceda todavia hay tiempo."
                    HPOS="97"
                    VPOS="1670"
                    WIDTH="596"
                    HEIGHT="61"></String>
          </TextLine>

          
          
          <TextLine ID="eSc_line_f82058e1"
                    TAGREFS="LT746"
                    BASELINE="189 1750 1261 1759" 
                    HPOS="188"
                    VPOS="1704"
                    WIDTH="1073"
                    HEIGHT="62">
            <Shape><Polygon POINTS="688 1713 669 1713 664 1713 632 1716 619 1716 610 1715 599 1713 595 1713 577 1713 558 1713 540 1713 522 1713 503 1713 492 1711 479 1715 475 1715 470 1711 466 1711 448 1711 429 1711 427 1711 422 1713 418 1711 411 1711 392 1711 374 1711 367 1711 361 1713 189 1713 189 1750 188 1766 1259 1766 1261 1759 1259 1722 1186 1707 1184 1707 1182 1707 1154 1720 1152 1720 1149 1720 1038 1705 1036 1705 905 1718 898 1718 887 1709 887 1707 885 1707 883 1707 881 1707 835 1716 748 1704 747 1704 688 1709 688 1713"/></Shape>
	    <String CONTENT="–Al contrario papacito, doy á U. las gracias por que ha"
                    HPOS="188"
                    VPOS="1704"
                    WIDTH="1073"
                    HEIGHT="62"></String>
          </TextLine>

          
          
          <TextLine ID="eSc_line_f7a0bfdd"
                    TAGREFS="LT746"
                    BASELINE="97 1788 1259 1803" 
                    HPOS="97"
                    VPOS="1744"
                    WIDTH="1162"
                    HEIGHT="72">
            <Shape><Polygon POINTS="1241 1759 1232 1759 1189 1766 1093 1759 1075 1759 1056 1759 1038 1757 1020 1757 1001 1757 992 1757 837 1763 826 1763 824 1763 806 1755 798 1755 780 1755 761 1755 712 1761 710 1761 695 1755 688 1755 669 1755 651 1755 643 1755 621 1759 588 1753 577 1753 558 1753 540 1753 527 1753 492 1757 486 1753 485 1753 466 1753 448 1753 429 1753 411 1753 391 1755 379 1751 374 1751 356 1751 350 1751 346 1755 319 1751 319 1751 300 1751 282 1751 263 1751 258 1751 247 1755 245 1755 241 1755 232 1751 226 1751 208 1751 201 1751 199 1753 189 1751 153 1744 151 1744 97 1751 97 1788 97 1799 501 1799 553 1801 712 1812 713 1812 787 1803 800 1803 809 1805 857 1814 859 1814 940 1805 948 1805 957 1805 1034 1816 1036 1816 1038 1816 1040 1816 1055 1807 1086 1816 1088 1816 1090 1816 1258 1807 1259 1803 1259 1766 1250 1759 1241 1759"/></Shape>
	    <String CONTENT="colmado los votos de mi corazon; le aseguro á U. que cuan¬"
                    HPOS="97"
                    VPOS="1744"
                    WIDTH="1162"
                    HEIGHT="72"></String>
          </TextLine>

          
          
          <TextLine ID="eSc_line_cf79facc"
                    TAGREFS="LT746"
                    BASELINE="95 1833 1259 1844" 
                    HPOS="94"
                    VPOS="1790"
                    WIDTH="1165"
                    HEIGHT="70">
            <Shape><Polygon POINTS="1184 1803 1165 1803 1147 1803 1128 1803 1110 1801 1092 1801 1073 1801 1055 1801 1036 1801 1018 1801 999 1801 981 1801 962 1799 944 1799 926 1799 907 1799 889 1799 870 1799 852 1799 833 1799 828 1798 745 1801 706 1801 700 1801 686 1798 686 1798 667 1796 649 1796 630 1796 612 1796 593 1796 582 1796 560 1798 544 1796 538 1796 520 1794 501 1794 483 1794 464 1794 457 1794 442 1798 440 1798 437 1798 391 1794 391 1794 385 1792 368 1792 354 1792 335 1792 317 1792 311 1792 300 1798 295 1792 280 1792 261 1792 243 1792 225 1790 208 1790 95 1794 95 1833 94 1849 225 1851 226 1851 228 1851 230 1851 249 1842 295 1851 311 1853 313 1853 315 1853 317 1853 317 1851 319 1851 326 1844 475 1844 486 1851 492 1855 494 1855 496 1855 498 1855 542 1851 599 1846 665 1851 734 1857 736 1857 737 1857 759 1851 774 1847 783 1851 796 1857 798 1857 800 1857 839 1851 859 1849 883 1851 949 1858 951 1858 990 1851 1007 1849 1042 1851 1149 1860 1151 1860 1258 1851 1259 1844 1258 1807 1186 1803 1184 1803"/></Shape>
	    <String CONTENT="do oí hablar á D. Tadeo temblé, me parecia que me hundia...."
                    HPOS="94"
                    VPOS="1790"
                    WIDTH="1165"
                    HEIGHT="70"></String>
          </TextLine>

          
          
          <TextLine ID="eSc_line_da3952d3"
                    TAGREFS="LT746"
                    BASELINE="197 1877 1259 1888" 
                    HPOS="195"
                    VPOS="1834"
                    WIDTH="1064"
                    HEIGHT="63">
            <Shape><Polygon POINTS="1175 1844 1156 1844 1138 1844 1119 1844 1101 1844 1082 1844 1064 1842 1060 1842 1049 1846 1032 1842 1027 1842 1009 1842 992 1842 985 1846 983 1846 970 1846 920 1842 916 1842 898 1842 879 1842 861 1840 842 1840 824 1840 806 1840 796 1840 780 1844 774 1844 763 1844 730 1840 713 1840 695 1840 676 1838 658 1838 640 1838 623 1838 595 1842 586 1842 579 1842 560 1838 547 1838 529 1838 510 1838 492 1838 483 1836 468 1840 464 1840 459 1840 429 1836 418 1836 400 1836 381 1836 363 1836 344 1836 326 1836 308 1836 289 1836 271 1834 265 1834 197 1836 197 1877 195 1884 212 1893 213 1893 215 1893 263 1886 551 1897 553 1897 1258 1893 1259 1888 1258 1849 1180 1844 1175 1844"/></Shape>
	    <String CONTENT="–¡Pobrecita! pues no te hundiras..... yo te lo aseguro; D."
                    HPOS="195"
                    VPOS="1834"
                    WIDTH="1064"
                    HEIGHT="63"></String>
          </TextLine>

          
          
          <TextLine ID="eSc_line_71a76823"
                    TAGREFS="LT746"
                    BASELINE="99 1917 1258 1928" 
                    HPOS="97"
                    VPOS="1875"
                    WIDTH="1161"
                    HEIGHT="96">
            <Shape><Polygon POINTS="1224 1888 1206 1888 1187 1888 1169 1888 1151 1888 1132 1888 1114 1888 1095 1888 1077 1886 1058 1886 1040 1886 1021 1886 1003 1886 985 1886 966 1886 948 1886 929 1886 911 1886 892 1884 874 1884 855 1884 837 1884 819 1884 800 1884 782 1884 763 1884 745 1884 726 1882 708 1882 689 1882 671 1882 653 1882 634 1882 616 1882 597 1882 579 1882 560 1882 542 1881 523 1881 505 1881 486 1881 468 1881 450 1881 431 1881 413 1881 394 1881 376 1881 357 1879 339 1879 320 1879 302 1879 284 1879 265 1879 247 1879 228 1879 210 1879 208 1875 99 1875 99 1917 97 1930 199 1941 201 1941 365 1940 558 1938 577 1947 582 1949 584 1949 586 1949 599 1947 645 1940 671 1949 684 1954 686 1954 688 1954 689 1954 691 1954 697 1951 708 1943 715 1951 736 1969 736 1971 737 1971 739 1971 741 1971 1256 1967 1258 1928 1256 1888 1243 1888"/></Shape>
	    <String CONTENT="Tadeo es hombre bueno y apreciable, te quiere, pero no co¬"
                    HPOS="97"
                    VPOS="1875"
                    WIDTH="1161"
                    HEIGHT="96"></String>
          </TextLine>

          
          
          <TextLine ID="eSc_line_1172f3f6"
                    TAGREFS="LT746"
                    BASELINE="97 1962 559 1967" 
                    HPOS="94"
                    VPOS="1925"
                    WIDTH="464"
                    HEIGHT="77">
            <Shape><Polygon POINTS="95 1960 94 1997 223 2000 225 2000 226 2000 228 2000 234 1997 249 1988 263 1995 267 1997 269 1997 271 1997 284 1995 328 1988 348 1995 365 2000 367 2000 368 2000 370 2000 385 1995 403 1986 439 1993 448 1995 450 1995 451 1995 457 1993 475 1988 485 1993 499 2002 501 2002 503 2002 505 2002 507 2002 509 2002 522 1993 527 1988 555 1991 558 1965 557 1927 95 1925 95 1960"/></Shape>
	    <String CONTENT="noce á Artur como yo."
                    HPOS="94"
                    VPOS="1925"
                    WIDTH="464"
                    HEIGHT="77"></String>
          </TextLine>

          
        </TextBlock>
        

        
      </PrintSpace>
    </Page>
  </Layout>
</alto>
