1409 2403
122 138 74 92 74

282 142 866 92 CONVERSACIONES FILOSOFICAS.

114 264 1176 86 general, me parece que mejora mucho la pre¬

106 338 665 84 sente moralidad europea.

158 410 1136 90 95. No lo creo asi en cuanto á la política:

112 486 1182 90 y aqui os voy á causar la mayor extrañeza,

110 558 1182 90 suponiendo mi opinion demasiado extrava¬

122 644 673 78 gante; pero escuchadme.

170 704 1124 82 En nuestro siglo las contribuciones públi¬

108 780 1186 85 cas son gravísimas, y acaso exceden á la mi¬

110 853 1180 88 tad del producto neto de la agricultura y co¬

106 937 589 78 mercio de los pueblos.

164 997 1128 84 El sistema de empréstitos y deuda pública,

118 1071 1176 92 ganando excesivos intereses en un erario im¬

114 1147 1172 88 productivo, debe al fin (como ya os dige)

116 1219 1178 92 poner á los gobiernos en una bancarrota que

110 1291 878 86 dé lugar á horribles convulsiones.

170 1363 1126 88 En lo militar, cada pueblo aun en tiempo de

112 1439 1180 92 paz mantiene ejércitos, que no tuvieron jamas

106 1513 1186 82 los poderosos romanos y griegos de la anti¬

114 1587 1180 89 güedad, en sus mas ardientes guerras. Estos

108 1660 1180 90 soldados son hoy por lo comun hombres sin

108 1730 1184 86 familia, sin propiedad, y regularmente sin

108 1806 1186 84 costumbres ni motivos de apego á su patria:

110 1886 1186 78 son unas maquinas consagradas al individuo

116 1954 1174 94 que las manda; y los pueblos, unos seres pa¬

112 2028 836 82 sivos manejados por esta fuerza.

172 2096 1122 94 Los fondos públicos se destinan, casi exclu¬

114 2170 1182 146 sivamente, para patrimonio del soldado y del
