<?xml version="1.0" encoding="UTF-8"?>
<alto xmlns:xsi="http://www.w3.org/2001/XMLSchema-instance"
      xmlns="http://www.loc.gov/standards/alto/ns-v4#"
      xsi:schemaLocation="http://www.loc.gov/standards/alto/ns-v4# http://www.loc.gov/standards/alto/v4/alto-4-2.xsd">
  <Description>
    <MeasurementUnit>pixel</MeasurementUnit>
    <sourceImageInformation>
      <fileName>ocios_filosoficos_y_poeticos_IxE4BCu.pdf_page_80.png</fileName>
      
    </sourceImageInformation>
  </Description>
  
  <Tags>
    <OtherTag ID="BT1848" LABEL="TitlePageZone" DESCRIPTION="block type TitlePageZone"/><OtherTag ID="BT1845" LABEL="MainZone" DESCRIPTION="block type MainZone"/><OtherTag ID="BT1846" LABEL="NumberingZone" DESCRIPTION="block type NumberingZone"/><OtherTag ID="BT1847" LABEL="RunningTitleZone" DESCRIPTION="block type RunningTitleZone"/><OtherTag ID="BT1891" LABEL="CustomZone:Numbering" DESCRIPTION="block type CustomZone:Numbering"/>
    <OtherTag ID="LT740" LABEL="DefaultLine" DESCRIPTION="line type DefaultLine"/><OtherTag ID="LT741" LABEL="HeadingLine" DESCRIPTION="line type HeadingLine"/>
  </Tags>
  
  <Layout>
    <Page WIDTH="1413"
          HEIGHT="2405"
          PHYSICAL_IMG_NR="1"
          ID="eSc_dummypage_">
      <PrintSpace HPOS="0"
                  VPOS="0"
                  WIDTH="1413"
                  HEIGHT="2405">
        
        <TextBlock HPOS="138"
                   VPOS="153"
                   WIDTH="66"
                   HEIGHT="69"
                   ID="eSc_textblock_c5372133"
                   TAGREFS="BT1846">
          <Shape><Polygon POINTS="204 153 204 222 138 222 138 153"/></Shape>
          
          
          <TextLine ID="eSc_line_6c544767"
                    TAGREFS="LT740"
                    BASELINE="139 210 201 209" 
                    HPOS="138"
                    VPOS="154"
                    WIDTH="62"
                    HEIGHT="68">
            <Shape><Polygon POINTS="152 166 138 208 138 220 198 222 200 208 196 154 178 154"/></Shape>
	    <String CONTENT="72"
                    HPOS="138"
                    VPOS="154"
                    WIDTH="62"
                    HEIGHT="68"></String>
          </TextLine>

          
        </TextBlock>
        
        <TextBlock HPOS="286"
                   VPOS="161"
                   WIDTH="842"
                   HEIGHT="69"
                   ID="eSc_textblock_9fd23a5c"
                   TAGREFS="BT1847">
          <Shape><Polygon POINTS="1128 161 1128 230 286 230 286 161"/></Shape>
          
          
          <TextLine ID="eSc_line_a3ed7b90"
                    TAGREFS="LT740"
                    BASELINE="288 206 1124 206" 
                    HPOS="286"
                    VPOS="134"
                    WIDTH="836"
                    HEIGHT="88">
            <Shape><Polygon POINTS="1120 222 1122 204 1122 134 968 134 966 134 964 134 962 134 946 144 891 136 879 134 877 134 875 134 873 134 873 136 853 150 795 136 791 136 789 136 787 136 785 136 785 138 769 154 525 154 499 138 489 134 487 134 485 134 436 136 434 136 432 136 428 140 410 154 310 154 290 140 286 204 286 220"/></Shape>
	    <String CONTENT="CONVERSACIONES FILOSOFICAS."
                    HPOS="286"
                    VPOS="134"
                    WIDTH="836"
                    HEIGHT="88"></String>
          </TextLine>

          
        </TextBlock>
        
        <TextBlock HPOS="136"
                   VPOS="255"
                   WIDTH="1140"
                   HEIGHT="1928"
                   ID="eSc_textblock_bebbdf64"
                   TAGREFS="BT1845">
          <Shape><Polygon POINTS="136 255 136 2183 1276 2183 1276 255"/></Shape>
          
          
          <TextLine ID="eSc_line_26ad65ff"
                    TAGREFS="LT740"
                    BASELINE="126 322 1266 316" 
                    HPOS="124"
                    VPOS="256"
                    WIDTH="1142"
                    HEIGHT="82">
            <Shape><Polygon POINTS="1226 268 1206 266 1186 264 1166 262 1146 260 899 256 897 256 851 264 845 266 843 264 835 258 835 256 833 256 831 256 761 256 759 256 691 266 689 266 685 266 617 256 615 256 613 256 575 266 523 256 521 256 519 256 517 256 497 268 485 268 284 258 282 258 280 258 254 268 158 258 156 258 154 258 124 268 126 322 126 334 1262 338 1266 316 1262 266 1246 270"/></Shape>
	    <String CONTENT="debe ser proporcionada á la immensa duracion"
                    HPOS="124"
                    VPOS="256"
                    WIDTH="1142"
                    HEIGHT="82"></String>
          </TextLine>

          
          
          <TextLine ID="eSc_line_d50a7903"
                    TAGREFS="LT740"
                    BASELINE="134 396 1268 388" 
                    HPOS="132"
                    VPOS="326"
                    WIDTH="1136"
                    HEIGHT="88">
            <Shape><Polygon POINTS="134 396 134 414 974 414 974 412 1098 402 1148 410 1150 410 1268 398 1268 388 1258 342 1138 342 1136 340 1120 326 1118 326 1116 326 1114 326 1112 326 1110 326 1110 328 1096 340 1066 326 1064 326 1062 326 994 340 978 344 905 344 897 340 877 326 875 326 873 326 871 326 869 326 867 326 847 338 839 344 793 344 785 338 759 326 757 326 755 326 753 326 751 326 733 338 729 340 727 338 701 326 699 326 697 326 561 332 559 332 549 338 533 346 454 346 438 336 426 330 424 330 422 330 420 330 404 336 382 346 350 336 328 330 326 330 324 330 322 330 298 336 256 348 224 348 212 336 208 332 208 330 206 330 204 330 202 330 132 334 134 396"/></Shape>
	    <String CONTENT="que promete su magnitud, y la suprema exe¬"
                    HPOS="132"
                    VPOS="326"
                    WIDTH="1136"
                    HEIGHT="88"></String>
          </TextLine>

          
          
          <TextLine ID="eSc_line_f7dd3838"
                    TAGREFS="LT740"
                    BASELINE="126 466 1266 460" 
                    HPOS="124"
                    VPOS="400"
                    WIDTH="1142"
                    HEIGHT="76">
            <Shape><Polygon POINTS="126 466 126 476 1264 470 1266 460 1262 414 1072 402 1070 402 1068 402 1066 402 1054 412 1038 400 1036 400 1034 400 1032 400 1030 400 1028 400 1008 412 1006 412 954 400 952 400 843 402 841 402 839 402 827 412 823 414 799 412 733 404 731 404 729 404 727 404 727 406 721 412 719 412 717 412 703 402 701 402 699 402 651 402 649 402 647 402 645 402 645 404 637 410 633 414 601 410 519 402 517 402 515 402 497 410 485 418 338 418 330 410 324 404 322 404 320 404 240 404 238 404 236 404 234 404 234 406 230 410 222 416 124 410 126 466"/></Shape>
	    <String CONTENT="lencia de su autor. El ingenio humano tiene"
                    HPOS="124"
                    VPOS="400"
                    WIDTH="1142"
                    HEIGHT="76"></String>
          </TextLine>

          
          
          <TextLine ID="eSc_line_3816c97a"
                    TAGREFS="LT740"
                    BASELINE="126 537 1266 533" 
                    HPOS="124"
                    VPOS="474"
                    WIDTH="1142"
                    HEIGHT="85">
            <Shape><Polygon POINTS="126 537 126 555 364 547 392 557 400 559 402 559 404 559 418 557 454 549 577 557 621 559 623 559 625 559 631 557 655 547 673 557 675 559 677 559 679 559 681 559 709 557 833 545 875 557 877 557 879 557 883 557 970 545 1036 557 1038 557 1040 559 1264 559 1266 533 1262 487 1198 474 1196 474 1146 485 879 474 877 474 785 485 693 474 691 474 689 474 687 474 687 476 675 487 665 487 144 476 142 476 140 476 138 476 124 485 126 537"/></Shape>
	    <String CONTENT="facultades que parece deben adelantar mucho,"
                    HPOS="124"
                    VPOS="474"
                    WIDTH="1142"
                    HEIGHT="85"></String>
          </TextLine>

          
          
          <TextLine ID="eSc_line_eec8a816"
                    TAGREFS="LT740"
                    BASELINE="124 609 1268 599" 
                    HPOS="122"
                    VPOS="541"
                    WIDTH="1146"
                    HEIGHT="88">
            <Shape><Polygon POINTS="124 609 124 629 352 619 1264 621 1268 599 1264 555 1124 543 1122 543 1120 543 1098 555 1096 555 1092 555 1060 545 1058 545 1056 545 1012 555 996 557 984 555 942 541 939 541 937 541 875 551 853 541 851 541 849 541 847 541 809 555 793 561 735 561 725 555 709 543 707 543 705 543 703 543 601 545 599 545 577 555 563 559 537 555 499 547 497 547 495 547 493 547 483 555 471 561 444 555 412 545 410 545 408 545 362 555 316 563 250 555 196 547 194 547 122 553 124 609"/></Shape>
	    <String CONTENT="si la providencia no le ha señalado una bar¬"
                    HPOS="122"
                    VPOS="541"
                    WIDTH="1146"
                    HEIGHT="88"></String>
          </TextLine>

          
          
          <TextLine ID="eSc_line_82f1b65c"
                    TAGREFS="LT740"
                    BASELINE="122 679 1272 679" 
                    HPOS="122"
                    VPOS="615"
                    WIDTH="1150"
                    HEIGHT="88">
            <Shape><Polygon POINTS="1264 679 1250 623 1220 617 1218 617 1216 617 1136 629 1128 629 1118 629 1050 617 1048 617 1046 617 1022 627 1016 631 877 631 873 625 863 617 863 615 861 615 859 615 779 615 777 615 775 615 773 615 759 623 751 629 735 623 721 619 719 619 717 619 715 619 699 623 675 629 641 623 601 615 599 615 597 615 585 621 569 631 519 631 507 621 501 615 499 615 497 615 436 615 434 615 432 615 430 615 426 619 414 629 374 619 358 615 356 615 354 615 352 615 350 615 346 619 332 631 298 631 242 617 228 615 226 615 204 617 138 625 126 615 122 679 122 695 376 701 378 701 380 701 382 701 386 697 394 691 420 697 434 701 436 701 438 701 489 697 581 691 609 699 619 701 621 701 623 701 659 699 757 691 893 699 921 701 923 701 933 701 988 691 1032 701 1038 701 1040 701 1042 701 1044 701 1064 691 1074 701 1076 701 1078 701 1080 703 1190 703 1190 701 1192 701 1218 691 1270 701 1272 679 1272 629 1264 627 1264 679"/></Shape>
	    <String CONTENT="rera insuperable. Es verdad que en el órden"
                    HPOS="122"
                    VPOS="615"
                    WIDTH="1150"
                    HEIGHT="88"></String>
          </TextLine>

          
          
          <TextLine ID="eSc_line_d017cd7d"
                    TAGREFS="LT740"
                    BASELINE="122 753 1266 749" 
                    HPOS="120"
                    VPOS="687"
                    WIDTH="1146"
                    HEIGHT="82">
            <Shape><Polygon POINTS="122 753 122 767 1262 769 1266 749 1260 697 1214 703 1198 697 1176 687 1174 687 1172 687 1170 687 1142 697 1138 699 1136 697 1122 689 1120 689 1118 689 1116 689 1114 689 1082 699 1064 703 1058 699 1050 691 1048 691 1046 691 1044 691 1004 699 1000 699 998 699 931 689 929 689 871 701 857 703 849 701 813 687 811 687 809 687 807 687 805 687 783 701 779 705 719 705 717 703 695 687 693 687 691 687 689 687 687 687 631 703 623 707 551 707 549 705 535 691 535 689 533 689 531 689 404 689 402 689 400 689 336 705 268 689 266 689 264 689 226 707 168 707 146 691 144 691 142 691 140 691 138 691 136 691 120 703 122 753"/></Shape>
	    <String CONTENT="moral y politico, casi parece que existiera"
                    HPOS="120"
                    VPOS="687"
                    WIDTH="1146"
                    HEIGHT="82"></String>
          </TextLine>

          
          
          <TextLine ID="eSc_line_b96ee7dd"
                    TAGREFS="LT740"
                    BASELINE="122 823 1266 819" 
                    HPOS="120"
                    VPOS="759"
                    WIDTH="1146"
                    HEIGHT="76">
            <Shape><Polygon POINTS="122 823 122 833 1262 835 1266 819 1262 767 747 759 745 759 743 759 741 759 741 761 729 771 727 775 591 775 585 773 563 761 561 761 559 761 557 761 523 773 519 775 519 773 505 763 505 761 503 761 501 761 499 761 497 761 473 775 471 775 444 775 222 765 220 765 218 765 216 765 202 775 192 765 190 765 188 765 186 765 120 777 122 823"/></Shape>
	    <String CONTENT="esta barrera, si observamos que los hombres"
                    HPOS="120"
                    VPOS="759"
                    WIDTH="1146"
                    HEIGHT="76"></String>
          </TextLine>

          
          
          <TextLine ID="eSc_line_0d5aeadf"
                    TAGREFS="LT740"
                    BASELINE="122 893 1256 899" 
                    HPOS="120"
                    VPOS="841"
                    WIDTH="1136"
                    HEIGHT="76">
            <Shape><Polygon POINTS="122 893 120 905 454 905 477 909 513 915 515 915 635 911 771 905 839 913 877 917 879 917 881 917 883 917 887 913 897 907 1174 907 1252 917 1256 899 1252 841 122 843 122 893"/></Shape>
	    <String CONTENT="apenas progresan en civilidad, costumbres, y"
                    HPOS="120"
                    VPOS="841"
                    WIDTH="1136"
                    HEIGHT="76"></String>
          </TextLine>

          
          
          <TextLine ID="eSc_line_79632f49"
                    TAGREFS="LT740"
                    BASELINE="126 966 1262 962" 
                    HPOS="124"
                    VPOS="905"
                    WIDTH="1138"
                    HEIGHT="81">
            <Shape><Polygon POINTS="126 966 126 986 1260 982 1262 962 1258 919 1190 905 1188 905 1100 915 974 905 972 905 970 905 948 917 944 919 813 919 809 915 795 907 793 907 791 907 789 907 721 915 687 921 619 921 609 915 593 907 591 907 589 907 555 915 533 921 386 921 374 913 360 907 358 907 282 907 280 907 278 907 276 907 276 909 270 913 264 919 250 913 238 909 236 909 234 909 232 909 220 913 198 919 124 913 126 966"/></Shape>
	    <String CONTENT="buen órden, cuando nuevas convulciones des¬"
                    HPOS="124"
                    VPOS="905"
                    WIDTH="1138"
                    HEIGHT="81"></String>
          </TextLine>

          
          
          <TextLine ID="eSc_line_841bc48f"
                    TAGREFS="LT740"
                    BASELINE="124 1038 1266 1038" 
                    HPOS="124"
                    VPOS="988"
                    WIDTH="1142"
                    HEIGHT="66">
            <Shape><Polygon POINTS="124 1038 124 1054 1266 1054 1266 1038 1266 990 124 988 124 1038"/></Shape>
	    <String CONTENT="truyen el arreglo social, y aparecen los siglos"
                    HPOS="124"
                    VPOS="988"
                    WIDTH="1142"
                    HEIGHT="66"></String>
          </TextLine>

          
          
          <TextLine ID="eSc_line_b3b51aa8"
                    TAGREFS="LT740"
                    BASELINE="124 1110 1264 1104" 
                    HPOS="122"
                    VPOS="1046"
                    WIDTH="1142"
                    HEIGHT="82">
            <Shape><Polygon POINTS="124 1110 124 1118 501 1128 503 1128 719 1118 869 1126 871 1126 873 1126 875 1126 875 1124 885 1116 1244 1124 1246 1124 1248 1124 1250 1124 1264 1114 1264 1104 1248 1054 1230 1046 1228 1046 1226 1046 1224 1046 1222 1046 1204 1060 1004 1060 982 1048 980 1048 978 1048 976 1048 944 1058 905 1046 903 1046 901 1046 899 1046 897 1046 877 1060 869 1060 779 1048 777 1048 719 1058 699 1048 697 1048 695 1048 693 1048 691 1048 679 1056 671 1050 671 1048 669 1048 667 1048 501 1048 499 1048 497 1048 495 1048 481 1060 477 1062 466 1060 432 1050 430 1050 428 1050 426 1050 406 1060 400 1062 394 1060 374 1050 372 1050 370 1050 326 1060 312 1062 298 1060 264 1050 262 1050 260 1050 122 1058 124 1110"/></Shape>
	    <String CONTENT="de atrocidad y barbarie. Entre tanto: en cual¬"
                    HPOS="122"
                    VPOS="1046"
                    WIDTH="1142"
                    HEIGHT="82"></String>
          </TextLine>

          
          
          <TextLine ID="eSc_line_d2231496"
                    TAGREFS="LT740"
                    BASELINE="128 1182 1266 1182" 
                    HPOS="128"
                    VPOS="1122"
                    WIDTH="1138"
                    HEIGHT="72">
            <Shape><Polygon POINTS="128 1182 128 1194 1266 1194 1266 1182 1264 1130 1162 1132 1158 1130 1150 1122 1148 1122 1146 1122 1144 1122 1108 1130 1094 1132 1082 1130 1044 1122 1042 1122 937 1130 907 1132 903 1130 887 1122 885 1122 883 1122 841 1130 831 1132 817 1130 759 1122 757 1122 755 1122 721 1130 715 1132 713 1130 695 1122 693 1122 691 1122 689 1122 687 1122 673 1132 663 1122 661 1122 659 1122 495 1122 493 1122 491 1122 489 1122 479 1132 477 1134 364 1134 362 1132 316 1122 314 1122 228 1132 204 1122 202 1122 200 1122 128 1132 128 1182"/></Shape>
	    <String CONTENT="quiera época el hombre siempre proclama la"
                    HPOS="128"
                    VPOS="1122"
                    WIDTH="1138"
                    HEIGHT="72"></String>
          </TextLine>

          
          
          <TextLine ID="eSc_line_de0856a4"
                    TAGREFS="LT740"
                    BASELINE="132 1252 1262 1258" 
                    HPOS="130"
                    VPOS="1194"
                    WIDTH="1132"
                    HEIGHT="82">
            <Shape><Polygon POINTS="130 1270 464 1272 466 1272 468 1272 471 1272 485 1262 503 1272 507 1274 509 1274 511 1276 773 1276 773 1274 775 1274 777 1274 797 1264 869 1274 893 1276 895 1276 921 1274 996 1266 1258 1274 1262 1258 1262 1208 1248 1198 1246 1198 1244 1198 1242 1198 960 1206 891 1208 831 1204 687 1196 685 1196 591 1202 517 1206 436 1206 432 1200 426 1196 426 1194 424 1194 422 1194 420 1194 376 1200 334 1204 322 1198 312 1194 310 1194 172 1194 170 1194 168 1194 162 1196 144 1204 138 1196 132 1252 130 1270"/></Shape>
	    <String CONTENT="philantropía; pero siempre se presenta feroz,"
                    HPOS="130"
                    VPOS="1194"
                    WIDTH="1132"
                    HEIGHT="82"></String>
          </TextLine>

          
          
          <TextLine ID="eSc_line_d3d209b5"
                    TAGREFS="LT740"
                    BASELINE="126 1322 1264 1326" 
                    HPOS="124"
                    VPOS="1266"
                    WIDTH="1140"
                    HEIGHT="78">
            <Shape><Polygon POINTS="126 1322 124 1334 693 1334 699 1334 763 1344 765 1344 1262 1334 1264 1326 1252 1278 1232 1268 1230 1268 1228 1268 1176 1280 1164 1270 1162 1270 1160 1270 1158 1270 1072 1280 1054 1268 1052 1268 1050 1268 1048 1268 968 1278 871 1268 869 1268 867 1268 865 1268 853 1280 851 1282 799 1282 793 1280 721 1268 719 1268 675 1276 665 1268 665 1266 663 1266 661 1266 659 1266 657 1266 637 1276 613 1266 611 1266 609 1266 607 1266 605 1266 605 1268 593 1278 539 1266 537 1266 473 1278 471 1278 468 1278 394 1266 392 1266 316 1278 308 1280 266 1280 264 1278 254 1268 254 1266 252 1266 250 1266 248 1266 246 1266 218 1278 214 1278 126 1278 126 1322"/></Shape>
	    <String CONTENT="corrompido, y en estado continuo de guerra."
                    HPOS="124"
                    VPOS="1266"
                    WIDTH="1140"
                    HEIGHT="78"></String>
          </TextLine>

          
          
          <TextLine ID="eSc_line_f32af5aa"
                    TAGREFS="LT740"
                    BASELINE="126 1392 1262 1396" 
                    HPOS="124"
                    VPOS="1330"
                    WIDTH="1138"
                    HEIGHT="74">
            <Shape><Polygon POINTS="126 1392 124 1402 1258 1404 1262 1396 1260 1348 1186 1334 1184 1334 1182 1334 1180 1334 1162 1346 1160 1346 1154 1346 1110 1338 1108 1338 1106 1338 1084 1344 1062 1350 1014 1344 988 1340 986 1340 984 1340 982 1340 982 1342 980 1342 972 1352 877 1352 865 1340 859 1336 857 1336 855 1336 853 1336 851 1336 849 1336 843 1340 831 1350 769 1340 767 1340 765 1340 763 1340 685 1348 653 1338 635 1332 633 1332 539 1332 537 1332 517 1336 452 1348 400 1334 394 1332 392 1332 390 1332 374 1334 304 1342 278 1332 276 1332 274 1332 272 1332 270 1332 246 1350 208 1350 126 1330 126 1392"/></Shape>
	    <String CONTENT="Los delirios mas repugnantes, se suceden"
                    HPOS="124"
                    VPOS="1330"
                    WIDTH="1138"
                    HEIGHT="74"></String>
          </TextLine>

          
          
          <TextLine ID="eSc_line_e75cc342"
                    TAGREFS="LT740"
                    BASELINE="126 1467 1262 1467" 
                    HPOS="126"
                    VPOS="1414"
                    WIDTH="1136"
                    HEIGHT="71">
            <Shape><Polygon POINTS="126 1467 126 1483 1260 1485 1262 1467 1262 1414 126 1414 126 1467"/></Shape>
	    <String CONTENT="unos á otros; y cada siglo ó provincia, por"
                    HPOS="126"
                    VPOS="1414"
                    WIDTH="1136"
                    HEIGHT="71"></String>
          </TextLine>

          
          
          <TextLine ID="eSc_line_9e478116"
                    TAGREFS="LT740"
                    BASELINE="124 1533 1262 1539" 
                    HPOS="122"
                    VPOS="1471"
                    WIDTH="1140"
                    HEIGHT="86">
            <Shape><Polygon POINTS="122 1543 224 1555 226 1555 481 1547 501 1557 503 1557 505 1557 1260 1549 1262 1539 1258 1479 950 1489 935 1479 933 1479 931 1479 929 1479 927 1479 925 1479 913 1489 883 1477 881 1477 879 1477 737 1487 719 1475 717 1475 715 1475 669 1475 657 1475 655 1475 653 1475 623 1489 531 1489 513 1475 511 1475 509 1475 507 1475 420 1485 358 1473 356 1473 354 1473 352 1473 342 1483 318 1475 316 1475 314 1475 180 1485 126 1471 124 1533 122 1543"/></Shape>
	    <String CONTENT="ilustrados que sean, tienen sus locuras. Si las"
                    HPOS="122"
                    VPOS="1471"
                    WIDTH="1140"
                    HEIGHT="86"></String>
          </TextLine>

          
          
          <TextLine ID="eSc_line_8dc8a257"
                    TAGREFS="LT740"
                    BASELINE="128 1607 1264 1607" 
                    HPOS="128"
                    VPOS="1549"
                    WIDTH="1136"
                    HEIGHT="76">
            <Shape><Polygon POINTS="128 1607 128 1625 1264 1619 1264 1607 1254 1563 1034 1551 1032 1551 1030 1551 1028 1551 1028 1553 1016 1563 1016 1565 929 1565 927 1563 899 1549 897 1549 895 1549 893 1549 861 1563 859 1563 835 1549 833 1549 831 1549 747 1563 739 1563 731 1563 673 1549 671 1549 669 1549 667 1549 667 1551 653 1561 651 1565 615 1565 611 1561 597 1549 595 1549 593 1549 591 1549 589 1549 587 1549 573 1561 571 1563 569 1561 545 1549 543 1549 464 1549 462 1549 460 1549 434 1561 428 1563 424 1561 394 1549 392 1549 390 1549 340 1561 328 1563 312 1561 242 1549 240 1549 128 1559 128 1607"/></Shape>
	    <String CONTENT="viudas y los filosofos se quemaban vivos y es¬"
                    HPOS="128"
                    VPOS="1549"
                    WIDTH="1136"
                    HEIGHT="76"></String>
          </TextLine>

          
          
          <TextLine ID="eSc_line_906ffb13"
                    TAGREFS="LT740"
                    BASELINE="130 1677 1264 1681" 
                    HPOS="128"
                    VPOS="1619"
                    WIDTH="1136"
                    HEIGHT="76">
            <Shape><Polygon POINTS="130 1677 128 1695 1262 1691 1264 1681 1254 1631 1222 1621 1220 1621 1218 1621 1148 1635 1146 1635 978 1635 978 1633 966 1623 966 1621 964 1621 962 1621 960 1621 653 1631 635 1619 633 1619 631 1619 629 1619 627 1619 603 1631 601 1633 483 1633 481 1631 448 1619 446 1619 444 1619 442 1619 440 1619 422 1631 420 1633 266 1633 264 1631 240 1621 238 1621 236 1621 130 1629 130 1677"/></Shape>
	    <String CONTENT="pontaneamente en la antigüedad, y aun lo"
                    HPOS="128"
                    VPOS="1619"
                    WIDTH="1136"
                    HEIGHT="76"></String>
          </TextLine>

          
          
          <TextLine ID="eSc_line_5aada4f9"
                    TAGREFS="LT740"
                    BASELINE="130 1747 1262 1753" 
                    HPOS="128"
                    VPOS="1687"
                    WIDTH="1134"
                    HEIGHT="90">
            <Shape><Polygon POINTS="130 1747 128 1767 382 1761 398 1771 400 1771 402 1771 404 1771 406 1771 408 1771 428 1761 454 1771 456 1771 458 1771 460 1771 462 1771 466 1771 505 1761 537 1771 545 1773 547 1773 549 1775 795 1775 795 1773 797 1773 803 1771 829 1763 881 1771 909 1775 911 1775 935 1771 976 1765 992 1771 1002 1775 1004 1775 1006 1777 1006 1775 1008 1775 1016 1771 1034 1765 1258 1771 1262 1753 1260 1703 1144 1693 1142 1693 1064 1701 1044 1703 1036 1701 1004 1691 1002 1691 1000 1691 998 1691 996 1691 996 1693 986 1701 984 1705 931 1705 921 1701 891 1691 889 1691 887 1691 885 1691 883 1691 873 1699 863 1691 863 1689 861 1689 859 1689 857 1689 751 1701 739 1701 735 1701 721 1689 719 1689 717 1689 661 1689 659 1689 657 1689 633 1699 507 1687 505 1687 438 1699 436 1699 434 1699 398 1687 396 1687 394 1687 392 1687 366 1699 364 1699 358 1699 280 1687 278 1687 276 1687 238 1699 232 1699 130 1699 130 1747"/></Shape>
	    <String CONTENT="practican hoy en la Asia; si los devotos se"
                    HPOS="128"
                    VPOS="1687"
                    WIDTH="1134"
                    HEIGHT="90"></String>
          </TextLine>

          
          
          <TextLine ID="eSc_line_1cfa43ba"
                    TAGREFS="LT740"
                    BASELINE="124 1815 1260 1821" 
                    HPOS="122"
                    VPOS="1759"
                    WIDTH="1138"
                    HEIGHT="84">
            <Shape><Polygon POINTS="124 1795 124 1815 122 1829 182 1841 184 1841 495 1833 501 1841 503 1841 503 1843 505 1843 507 1843 509 1843 1258 1835 1260 1821 1258 1775 915 1763 913 1763 911 1763 885 1773 883 1773 881 1773 851 1761 849 1761 585 1761 583 1761 581 1761 551 1771 549 1771 505 1759 503 1759 501 1759 134 1769 124 1795"/></Shape>
	    <String CONTENT="hacen alli quebrantar los huesos con las rue¬"
                    HPOS="122"
                    VPOS="1759"
                    WIDTH="1138"
                    HEIGHT="84"></String>
          </TextLine>

          
          
          <TextLine ID="eSc_line_7eceb193"
                    TAGREFS="LT740"
                    BASELINE="126 1887 1264 1897" 
                    HPOS="124"
                    VPOS="1827"
                    WIDTH="1140"
                    HEIGHT="86">
            <Shape><Polygon POINTS="126 1887 124 1899 154 1909 156 1909 158 1909 292 1901 358 1911 360 1913 1262 1913 1264 1897 1252 1847 1214 1837 1212 1837 1210 1837 1154 1847 1152 1847 1136 1835 1134 1835 1132 1835 1130 1835 1128 1835 1092 1847 1090 1847 996 1847 994 1847 976 1833 974 1833 972 1833 970 1833 873 1845 871 1845 869 1845 857 1833 855 1833 853 1833 797 1831 637 1831 635 1831 633 1831 597 1843 595 1843 537 1843 527 1843 513 1829 511 1829 509 1829 507 1829 505 1829 477 1841 477 1843 354 1843 352 1841 318 1827 316 1827 314 1827 188 1839 184 1839 150 1827 148 1827 146 1827 144 1827 126 1835 126 1887"/></Shape>
	    <String CONTENT="das del carro de su divinidad, y se condenan"
                    HPOS="124"
                    VPOS="1827"
                    WIDTH="1140"
                    HEIGHT="86"></String>
          </TextLine>

          
          
          <TextLine ID="eSc_line_677a4c69"
                    TAGREFS="LT740"
                    BASELINE="126 1962 1266 1968" 
                    HPOS="124"
                    VPOS="1899"
                    WIDTH="1142"
                    HEIGHT="91">
            <Shape><Polygon POINTS="126 1962 124 1976 290 1986 292 1986 336 1978 348 1976 360 1978 400 1986 402 1986 404 1986 428 1978 436 1976 450 1978 505 1988 507 1988 609 1980 799 1988 801 1988 803 1988 819 1980 823 1978 833 1980 885 1990 887 1990 889 1990 921 1980 923 1980 1136 1980 1140 1980 1166 1990 1168 1990 1170 1990 1264 1980 1266 1968 1266 1913 1212 1903 1210 1903 1158 1911 1130 1915 1120 1911 1106 1903 1104 1903 1102 1903 1100 1903 1080 1911 1066 1915 1016 1909 974 1905 972 1905 939 1909 887 1915 821 1907 763 1901 761 1901 687 1905 591 1913 567 1905 555 1901 553 1901 344 1899 342 1899 316 1903 250 1911 126 1901 126 1962"/></Shape>
	    <String CONTENT="á los mas horribles suplicios; y si los sacrifi¬"
                    HPOS="124"
                    VPOS="1899"
                    WIDTH="1142"
                    HEIGHT="91"></String>
          </TextLine>

          
          
          <TextLine ID="eSc_line_0708893c"
                    TAGREFS="LT740"
                    BASELINE="126 2032 1264 2042" 
                    HPOS="124"
                    VPOS="1974"
                    WIDTH="1140"
                    HEIGHT="88">
            <Shape><Polygon POINTS="126 2006 126 2032 124 2052 126 2054 128 2054 128 2056 130 2056 132 2056 134 2056 306 2048 350 2058 352 2058 354 2058 505 2050 807 2062 809 2062 1262 2054 1264 2042 1252 1992 1232 1982 1230 1982 1228 1982 1226 1982 1184 1996 1100 1982 1098 1982 1096 1982 1094 1982 1074 1996 1038 1980 1036 1980 1034 1980 885 1994 807 1978 805 1978 803 1978 753 1992 741 1982 739 1982 737 1982 735 1982 617 1986 583 1976 581 1976 579 1976 577 1976 525 1992 432 1992 380 1978 378 1978 376 1978 318 1988 292 1974 290 1974 288 1974 206 1988 174 1974 172 1974 170 1974 168 1974 134 1984 126 2006"/></Shape>
	    <String CONTENT="cios humanos, y el alimentarse el hombre de"
                    HPOS="124"
                    VPOS="1974"
                    WIDTH="1140"
                    HEIGHT="88"></String>
          </TextLine>

          
          
          <TextLine ID="eSc_line_1f918c2a"
                    TAGREFS="LT740"
                    BASELINE="132 2102 1262 2110" 
                    HPOS="130"
                    VPOS="2044"
                    WIDTH="1132"
                    HEIGHT="88">
            <Shape><Polygon POINTS="132 2102 130 2118 701 2130 703 2130 905 2122 919 2122 923 2122 980 2132 982 2132 1260 2122 1262 2110 1260 2056 1174 2052 1172 2052 1170 2052 1166 2054 1150 2062 1078 2054 1062 2052 1060 2052 1058 2052 1054 2052 1012 2064 966 2052 958 2050 956 2050 954 2050 952 2050 948 2052 923 2064 763 2064 707 2050 697 2048 695 2048 685 2048 619 2060 567 2048 565 2048 563 2048 561 2048 535 2062 438 2062 412 2046 410 2046 408 2046 406 2046 404 2046 378 2058 274 2048 272 2048 202 2058 132 2044 132 2102"/></Shape>
	    <String CONTENT="las carnes de otro hombre, son practicas an¬"
                    HPOS="130"
                    VPOS="2044"
                    WIDTH="1132"
                    HEIGHT="88"></String>
          </TextLine>

          
          
          <TextLine ID="eSc_line_dee01b53"
                    TAGREFS="LT740"
                    BASELINE="136 2174 1262 2184" 
                    HPOS="134"
                    VPOS="2118"
                    WIDTH="1128"
                    HEIGHT="158">
            <Shape><Polygon POINTS="134 2238 214 2229 216 2258 218 2258 262 2242 298 2268 300 2268 302 2268 304 2270 304 2268 306 2268 308 2268 346 2242 350 2242 440 2242 513 2270 515 2270 517 2272 567 2272 567 2270 569 2270 571 2270 609 2246 707 2246 733 2246 751 2262 751 2264 753 2264 755 2264 811 2274 813 2276 976 2276 976 2274 978 2274 980 2274 1000 2260 1034 2276 1036 2276 1038 2276 1120 2262 1208 2270 1210 2270 1212 2270 1214 2270 1214 2268 1234 2250 1236 2250 1258 2250 1262 2184 1260 2124 1060 2122 1058 2122 1056 2122 1036 2132 1016 2122 1012 2120 1010 2120 1008 2120 968 2122 813 2130 735 2120 713 2118 711 2118 695 2120 653 2128 645 2120 643 2120 643 2118 641 2118 639 2118 136 2118 136 2174"/></Shape>
	    <String CONTENT="tigüas y modernas de los pueblos barbaros, ó"
                    HPOS="134"
                    VPOS="2118"
                    WIDTH="1128"
                    HEIGHT="158"></String>
          </TextLine>

          
        </TextBlock>
        

        
      </PrintSpace>
    </Page>
  </Layout>
</alto>
