1440 2014
342 255 46 37 46

549 255 393 35 BUENOS AIRES EN EL AÑO 2080

309 362 872 50 ese dia, proporcionó á D. Sebastian, que era

307 416 869 55 entónces uno de los mejores oradores polí¬

309 474 870 56 ticos, la ocasion para lucirse, trazando la

310 532 871 57 historia del Viejo Mundo, desde hacía dos

310 594 871 53 siglos, para recordar de qué modo todas las

307 651 874 62 naciones europeas habian llegado á adoptar

309 708 873 57 la forma Republicana y á constituirse en

310 765 570 57 Estados Unidos de Europa.

361 825 821 57 Para edificacion de nuestros lectores va¬

310 887 872 61 mos á compendiar lo mas breve que poda¬

312 946 872 54 mos, los grandes rasgos de esta interesante

315 1006 276 53 conversacion.

705 1141 86 50 IV.

371 1241 818 52 Cien años despues de la primera Revo¬

320 1299 869 57 lucion Francesa, es decir, en 1889, dijo, el

320 1356 867 62 arreglo de la cuestion de Oriente, produjo

325 1421 869 60 una conflagracion general, que se podia

325 1480 867 57 prever desde cuarenta años atrás. Despues

324 1535 863 54 de una lucha encarnizada de dos años, In¬

329 1594 865 64 glaterra, que tenia por aliados á la Francia
