1755 2712
721 253 301 54 RICARDO PALMA

1424 248 77 57 203

820 424 82 55 XII

683 522 377 49 APOCALÍPTICA

251 614 1289 54 Y aquel día le hicieron los hombres al Señor una que le llegó à la pe¬

194 668 1343 55 pita del alma; y hastiada ya de soportar iniquidades y perrerías humanas,

196 718 1344 52 dijo Su Divina Majestad á un angelito mofletudo que cerca de su persona.

196 768 233 50 revoloteaba:

253 815 1287 52 — Vé, chico, mas que de prisa y dile á Vicente Ferrer que lo espero en

194 867 1226 50 el valle de Josafat.... ¡Ah! Y dile que no deje olvidada la trompeta.

248 910 1292 57 Y Vicente Ferrer que, como ustedes saben, fué sobre la tierra político.

189 962 1348 52 (revolucionario y orador tribunicio, lo que no obstó para que Roma lo

194 1012 1346 54 matriculase de santo, se presentó, trompeta en mano, en el valle de la

189 1055 91 59 cita.

246 1111 1294 50 — Ya no aguanto mas á esa canalla ingrata que sólo me proporciona

192 1163 751 52 desazones. Convoca, hijo, á Juicio Final.

246 1206 1289 57 Y Vicente Ferrer, tras hacer buen acopio de aire en los pulmones,

189 1263 966 50 largó un trompetazo que repercutió en ambos polos.

248 1308 1289 54 Y de todas partes, mas ó menos presurosos, acudían los muertos, aban¬

189 1362 1346 48 donando sus sepulturas, á la universal convocatoria. Pero corrían las

189 1407 1346 55 horas y el Juicio no tenía cuando principiar, y Vicente, falto ya de fuer¬

187 1459 984 52 zas, apenas hacía resonar el instrumento. Al fin dijo:

244 1509 581 50 — Señor, no puedo soplar más.

244 1554 692 57 Y la trompeta se le cayó de la mano.

244 1606 1291 55 — Haz un esfuerzo, Vicente, y sigue tocando llamada y llamada. El Jui¬

185 1661 1350 49 cio Final no puede comenzar, porque todavía falta un pueblo. ¡Vaya una

178 1708 1158 52 gente para remolona y perezosa!— murmuró el Supremo Juez.

241 1758 1287 49 — Si no es indiscreta la pregunta, ¿puede saberse, Señor, qué pueblo

174 1805 147 50 es ese?

241 1844 654 63 — El de Lima, Vicente, el de Lima.

239 1898 1296 61 ¡Ah, Señor! Si lo esperas, ya tienes para rato. Ese pueblo no despierta.

171 1954 1066 55 de su sueno ni á cañonazos. Los limeños no se levantan.

235 1997 794 59 — Pues entonces, declaro abierta la sesión.

237 2049 1298 57 Y cata que, si la profecía no marra, los limeños seremos los únicos

171 2106 1362 52 humanos sobre los que no caerá premio ni castigo en la hora suprema

169 2153 774 55 del gran Juicio. ¡Válganos Santa Pereza!
