1686 2804
734 44 192 56 –13–

175 121 584 58 –¿Cobarde me has dicho?

170 165 973 68 –¿Cobarde? no debes cambiar mis palabras.

166 217 1253 70 He dicho y repito:–las iras te ahogan, te ciega la rabia.

168 264 447 53 –Defiende tu pecho.

168 310 961 52 –Jó! jo! que en el tuyo te hundo tu espada.

170 350 1364 72 Y desarmando á su adversario, al decir estas palabras, tomó el

119 408 1085 49 arma que acababa de caer y le cortó una oreja.

170 448 1371 56 –Basta! basta!–exclamó el Burgomaestre–no puedo permitir

121 490 681 56 que continúe; primera sangre!

166 535 1372 65 Los autómatas se pusieron de pié y haciéndonos un saludo, se

119 588 432 52 retiraron del brazo.

166 630 512 49 –Pintura!–dijo Baum.

163 668 1017 65 Dos manequíes desnudos penetraron al taller.

168 717 1366 58 Uno de ellos levaba, en la mano, paleta con colores, pinceles y

116 768 1420 61 tiento, y sentándose frente al caballete, ya pronto, comenzó á

116 813 1422 53 copiar á su compañero, con toda la precision de un artista consu¬

116 859 1074 59 mado. Terminado el cuadro, salieron del taller.

168 906 1368 52 –Si estos son autómatas, es necesario confesar que no se dife¬

116 951 983 53 rencian mucho de nosotros,–dijo Hipknock.

166 997 1372 54 –Si el señor Burgomaestre me permite,–observó Baum,–yo

114 1042 536 56 invertiría la proposicion.

166 1084 1372 60 No cansaré á mis lectores con la enumeracion de los diversos

114 1130 1417 66 cuadros que allí presenciamos: batallas, parlamentos, academias,

121 1184 1415 54 paseos, bailes, escenas amorosas, cuadros místicos, etc. etc., todo

116 1226 1418 52 se presentó á nuestra admiracion, con ese tinte especialísimo de

119 1268 1412 56 verdad, que sólo revisten las grandes obras de los grandes maes¬

114 1317 101 47 tros.

163 1355 1361 65 Próximos á retirarnos, el Burgomaestre, sonriendo de placer,

116 1411 1418 51 más por hallar una especie de confirmacion á la Teoría del incons¬

112 1453 1417 61 ciente de su amigo Hartmann, que por lo que había presenciado,

119 1500 278 51 dijo á Baum:

182 1546 1143 49 –Pero observo que ha faltado un cuadro de familia.

163 1591 1363 54 –Si el señor Burgomaestre lo permitiera, la propia suya apare¬

112 1635 334 54 cería al punto.

161 1684 409 49 –Como Vd. guste.

166 1719 1363 59 Y haciendo una seña, el salon se empezó á llenar de autóma¬

114 1768 1412 54 tas que, sentados luego alrededor de una mesa, desarrollaron, ante

114 1806 1412 60 los ojos estáticos del Burgomaestre, la mismísima escena de la

114 1862 1410 47 noche anterior, con los mismos movimientos y las mismas pala¬

119 1902 1407 56 bras de la discusion sobre Horacio Kalibang, que entró un mo¬

116 1948 1410 56 mento despues, y pronunció las palabras que todos le habían

116 1997 110 49 oido.

161 2030 1361 63 Mi pariente no pudo ménos de soltar una carcajada cuando vió

119 2088 1405 50 á su propio autómata hacer un gesto de espanto, al entrar Kali¬

119 2128 1181 59 bang, y llevando la mirada al autómata de Luisa, dijo:

170 2166 1352 58 –Pero observo, señor Baum, que mi hija mira demasiado al

121 2208 734 63 Teniente Blagerdorff, mi sobrino.

173 2261 1346 56 –El señor Burgomaestre notará tambien que su sobrino no

116 2308 513 54 paga con moneda falsa.

180 2350 278 56 –Pero eso.....

166 2395 1353 53 –Dejarían de ser autómatas, señor Burgomaestre, si alteraran

121 2441 334 54 un solo pasaje.

166 2479 1351 63 El Burgomaestre se puso de pié, talvez para manifestar al se¬

123 2523 1392 66 ñor Baum su indignacion, de una manera positiva, cuando este
