1686 2804
748 46 196 54 –15–

175 140 1373 63 El ya capitan Herman Blagerdoff unía, á sus destinos, los de

130 179 648 59 la Señorita Luisa Hipknock.

175 233 397 54 Era muy natural.

175 266 809 70 Habían leido Werther y se amaban.

177 327 1371 56 Cuando dos jóvenes alemanes ó de cualquiera nacionalidad

128 366 1420 63 se aman, aunque hayan leido ó nó el Werther se casan ó no se

126 408 1426 71 casan; sólo, sí, que hay que notar esto; cuando se van á casar,

130 464 973 52 nunca se preguntan si son autómatas ó nó.

177 500 1375 60 –Todos vienen, ménos Fritz–¿dónde estará Fritz?–se pre¬

126 556 1323 49 guntaba el Burgomaeetre, haciendo un gesto de desagrado.

175 598 1375 63 Cuando se sentaron á la mesa, Hipknock, de pié aún, dijo en

126 647 313 51 tono solemne:

182 691 1370 54 –Amigos mios! permitidme una pregunta: ¿hay entre vosotros

126 740 867 49 algun autómata? decídmelo, por favor!

177 780 1371 56 Todos se miraron entre sí: los unos porque no sabían lo que

126 829 1272 54 era un autómata; los otros porque lo sabian demasiado.

177 871 943 56 –Y Fritz? ¿Porqué no ha venido Fritz?

175 918 339 58 Nadie lo sabía.

175 958 1375 65 Horacio Kalibang entró á los postres y entregó al Burgo-

126 1014 629 51 maestre una carta de Fritz.

173 1060 224 54 Decía así:

175 1093 1040 70 –"Mi querido primo, Burgomaestre Hipknock.

175 1147 1375 58 "Hermann se me ha anticipado en el corazon de Luisa–no

128 1194 1420 58 importa–tengo su autómata, que me amará perpétuamente, sin

128 1247 1420 49 cambio, ni mudanza, porque será ni amor grabado de un modo

126 1292 1422 51 indeleble en las respuestas sinceras de sus resortes. Que sean

126 1329 1419 56 felices, serán mis votos. Te he acompañado como autómata du¬

128 1373 1417 64 rante la noche en que, reunidos en tu casa, celebrábamos el

128 1430 1422 49 natalicio de Luisa; como autómata he ido contigo, al dia si¬

130 1476 1420 54 guiente, á la fiesta de Oscar Baum. Oscar Baum, soy yo: no te

128 1514 1422 56 espantes, pariente. Ya sabes que Horacio Kalibang es un autó¬

128 1556 1422 58 mata, tambien. Cuando Luisa tenga hijos, esa máquina humana

128 1602 1420 57 les enseñará, con métodos especiales, todo lo que deban apren¬

128 1659 1420 46 der. Para ella lo envio. es un regalo de boda. Aunque con for¬

128 1696 1420 56 ma de hombre, es un libro. Es el único ser á quien se le debe

128 1750 1420 46 confianza. Soy bastante grande, noble y rico para que me

130 1792 1418 51 creas poderoso. Tú has sido testigo. Tengo el mundo en mis ma¬

126 1834 944 54 nos, porque lo manejo con mis autómatas.

175 1871 1375 61 "Cuando, sumerjido en el torbellino de la política, encuentres

128 1918 1422 56 aIgun personaje que se aparte de lo que la razon y la conciencia

130 1962 1418 61 dictan á todo hombre honrado..... puedes esclamar: es un autó¬

128 2011 136 54 mata!

177 2058 1364 59 "Cuando, sumerjido en las grandes batallas del pensamiento,

130 2100 1415 54 tu adversario científico Ilame en su apoyo los misterios de la

133 2145 846 58 fé, puedes exclamar:.... es un autómata!

180 2191 1365 56 "Cuando veas un poeta que te pinta lo que no siente, un ora¬

135 2243 1408 46 dor que adula al pueblo, un médico que mata, un abogado

135 2282 1401 57 que miente, un guerrero que huye, un patriota que engaña, un

135 2327 1406 54 ilustrado fanático y un sábio que rebuzna.... puedes decir de

135 2367 1408 58 cada uno de ellos.... "es un autómata!! Sí, Hipknock, sí: he Ile¬

140 2423 1073 46 nado el mundo con los productos de mi fábrica.

187 2460 1356 56 "Recuerda con frecuencia á Oscar Baum, ó si quieres, á tu primo

137 2500 1198 63 Fritz. Persiste en tus ideas: son la luz del porvenir!

189 2553 463 52 "Un abrazo á todos."
