1686 2804
778 44 160 51 –7–

182 130 594 59 –Dos buhos!–insinuó otro.

184 177 1368 70 Aquel preludio no me desagradaba; porque semejantes á los

140 224 1408 72 pajarillos que se despiertan entre sí, cuchicheando ocultos por las

137 271 1406 63 hojas, al despuntar el alba, los dueños de casa y sus invitados pa¬

130 320 1422 65 recian animarse mútuamente, despues de un instante de terror,

135 364 1186 63 que había durado un minuto tan largo como un siglo.

187 404 1365 72 –Yo sabré quién es Horacio Kalibang;–entre tanto, Mariscal,

130 453 1415 72 terminemos lo casi terminado. Vino! vino! café! ea, muchachos,

130 507 290 51 mo dormirse.

313 558 790 58 Brille en la copa el vino transparente

320 602 734 61 Y á raudales difunda la alegría.....

173 668 1377 61 –Vé Vd., pariente, cómo no hay contento posible sin música?

135 722 671 49 Vd. mismo nos dá el ejemplo.

180 761 1370 59 –Son emociones, Fritz, emociones de otro género, que se tra¬

126 808 1424 58 ducen en notas destempladas. No sé si me comprendes, pero ya

126 855 1422 53 sabes que el exceso de impresion tiene que transformarse de al¬

128 897 999 63 gun modo. Yo canto, aquel rie, otro llora.....

177 946 351 51 –Yo tiemblo....

173 988 306 54 –Yo como.....

175 1028 1373 65 –Yo bebo vino del Rhin, y amo la música porque si;.... el bien

128 1084 1422 56 por el bien..... la música por ella..... ¿qué significa la música? no

126 1126 1377 58 sé, ni me importa saberlo.... vino aquí!..... se canta y se goza–

177 1175 473 51 –Yo miro á Luisa.....

173 1215 1375 60 –Pero el Teniente no se escapa á mi mirada,–agregó el Ma¬

123 1266 969 54 riscal, destellando un crepúsculo encendido

406 1329 470 58 –Las penas mayores,

402 1378 437 54 Los hondos quejidos,

399 1418 445 61 Los pechos dolientes,

402 1472 860 53 Se curan, se acallan, se borran con vino.

175 1504 201 56 –Bravol.

175 1556 173 51 –Otra!

177 1605 138 47 –Bis!

175 1642 1370 59 –Horacio Kalibang! otra! bis! el hombre que ha perdido la gra¬

135 1696 863 51 vedad.... ea! sois todos unos mentecatos.

184 1736 1359 58 Y tomando el sombrero y el baston, el Burgomaestre salió preci¬

128 1782 578 61 pitadamente del comedor.

177 1824 1364 57 Un momento despues, me retiré tambien, pensando que no es

128 1866 1408 64 necesario Ilamarse Horacio Kalibang para perder la gravedad.....

795 1951 84 67 III.

177 2049 1366 58 Para que el lector pueda apreciar la conducta de mi primo, el

133 2095 1405 59 Burgomaestre Hipknock, es necesario que me permita hacerle su

130 2147 700 51 retrato moral en dos plumadas.

180 2184 1358 59 El Burgomaestre es uno de aquellos hombres que siguen con

133 2231 1403 56 toda su alma los progresos del materialismo en Alemania. No

133 2275 1405 56 crée en Dios, ni en el diablo; está excomulgado hasta la quinta

135 2320 1399 58 generacion y asegura que nada pierde ni gana su raza con seme¬

140 2364 1391 63 jante regalo. Es un hereje, un condenado, un miserable, un cana¬

137 2406 1392 59 lla, un estúpido, un ignorante y todo lo que la indignacion irra¬

142 2448 1380 61 cional puede sujerir á sus enemigos, que tales blasfemias le envian

140 2504 715 49 desde las sombras del incógnito.

182 2535 1347 68 Pero todos los que hemos tratado al Burgomaestre sabemos
