1686 2804
750 53 173 45 -11-

180 130 846 61 –¿Qué acontecimiento? lee esta carta.

184 170 1359 68 Y entregándome la de Baum, la lei agradablemente sorpren¬

135 212 1401 82 dido, segun juzgó mi pariente: primero por el anuncio de una

135 264 1401 65 obra tan grande como era la fabricacion de un cerebro, y se¬

128 310 1415 66 gundo, porque yo bien sabía que Horacio Kalibang no era sinó

128 357 1417 68 un autómata; no pudiendo explicarme, por cierto, cómo había

128 401 933 66 pasado ello desapercibido para mi primo.

175 448 1370 59 Despues del almuerzo, conversamos largamente sobre los últi¬

126 493 1422 60 mos descubrimientos de los fisiologistas, y llegamos al resultado

128 542 1420 53 siguiente:–Si Oscar Baum, para muchos, ha emprendido un de¬

128 588 1420 56 satino, para pocos, no puede negarse que las probabilidades de

128 635 690 51 éxito se encuentran á su favor.

175 677 1375 61 A las dos de la tarde, el Burgomaestre, á quien acompañaba

128 722 807 63 yo, entraba en casa de Oscar Baum.

177 768 1371 59 –Está el Sr. Baum?–preguntó á un indivíduo alto que salió

126 815 285 54 á recibirnos.

180 862 928 51 –Pase Vd. adelante, señor Burgomaestre.

175 911 1351 54 –Esa no debía ser la respuesta,–dijo Hipknock,–somos dos.

175 951 1377 58 –Pariente, ¿no vé Vd. que es un autómata? Esa respuesta

128 1002 1085 63 prueba, por lo menos, que Vd. era esperado solo.

189 1049 1265 53 –Entónces estoy ciego, porque no he podido reconocerlo.

175 1093 1370 58 Al entrar en el salon, un indivíduo rúbio, con anteojos azules,

128 1137 1420 54 se levantó de una silla, en la que estaba sentado, y dirigiéndose

128 1187 854 51 al Burgomaestre, le extendió la mano.

182 1231 1008 54 –El Sr. Burgomaestre Hipknock?–preguntó.

177 1278 1371 49 –Para servir á Vd. ¿Es con el señor Baum con quien tengo

130 1317 442 56 el honor de hablar?

180 1359 1370 64 –El honor es para mí, caballero. Me he tomado la libertad

130 1416 1420 56 de invitar á Vd., porque antes de lanzar al mundo mis obras,

135 1465 950 49 deseo conocer la impresion que le causan.

196 1497 1347 63 –Terrible, Señor Baum, terrible! Horacio Kalibang me ha

137 1551 1413 61 producido toda la ilusion de un hombre vivo, y, á no ser por una

137 1600 1067 49 circunstancia especial, aún guardaría su misterio.

189 1630 1363 66 –Horacio Kalibang es el más imperfecto de todos, pero llama

135 1687 1413 56 mucho la atencion, porque camina fuera del centro de gravedad.

189 1729 554 56 –Nada más que por eso?

182 1771 683 60 El Señor Baum guardó silencio.

184 1810 1364 66 Sus ojos hicieron una revolucion en las órbitas, sus lábios se

137 1869 1411 54 apretaron, sus brazos cayeron inertes, mientras que una de sus

140 1913 1410 63 piernas, por no sé qué movimiento de resorte, se desprendió de

140 1965 591 46 su cuerpo y cayó al suelo.

184 2004 1008 56 El Burgomaestre dió un salto sobre su asiento.

184 2046 1366 54 Por mi parte, prorumpí en una carcajada tremenda. Mi pa¬

142 2093 1406 54 riente no había reconocidò que conversaba con un autómata. Ver¬

147 2145 781 49 dad que está ya algo corto de vista.

194 2170 1354 68 –Donnerweter!–dijo una voz, en la pieza inmediata, cual si

144 2219 1401 63 la ira le hubiera arrancado aquella expresion poco amable, y

151 2268 1392 59 abriéndose una puerta, el Burgomaestre vió aparccer otro indi¬

149 2308 1399 63 víduo, idéntico al que acababa de deformarse, que acercándose á

147 2362 437 54 ni pariente, le dijo:

201 2390 1347 70 –Disculpe Vd., señor Burgomaestre, esta segunda libertad que

161 2441 1380 66 me he tomado, de hacerme representar por un autómata: pero

151 2493 1394 53 no dudo que ya lo estaré, porque la excelencia de la obra, rápida¬

154 2535 1202 63 mente construida, es una garantía de mi respeto por Vd.
