1686 2804
781 46 154 54 - 9 -

140 130 1417 68 el cañon del alma. Se puede ser charlatan sin ser franco, como

137 177 1418 63 se puede ser callado é indiscreto ó charlatan y discreto. Ha¬

135 224 1370 68 blar mucho, no es decir algo: á veces se habla para no decir.

184 271 1373 67 Este es, en pocas palabras, mi primo el Burgomaestre. El

135 310 1417 63 lector puede seguir, de un modo lógico, todo el desenvolvi¬

135 362 1422 65 niento de aquellas ideas fundamentales, ligadas íntimamente para

130 408 438 54 formar su carácter.

180 455 1375 54 Ahora comprenderá tambien por qué razon se retiró mi pri¬

128 497 1429 61 mo, del comedor, de una manera tan brusca. Iba á resolver

133 544 355 56 una duda. Iba.

806 651 73 35 IV

173 729 1386 60 La noche estaba oscura y una llovizna tenuísima acariciaba el

126 780 566 54 rostro de los transeuntes.

175 820 1384 60 Por la calle de X.... dos indivíduos caminaban en direccion á

128 869 734 56 la Plaza de Federico el Grande.

180 908 1377 64 Detrás de ellos, y á distancia suficiente para no perderlos

126 960 1426 56 de vista, un hombre de cierta edad se dirijía hácia la misma

128 1002 1424 68 plaza que ellos. Cualquiera, al verle, hubiera dicho que era in¬

126 1053 1431 56 diferente á los dos que le precedian; pero un fisonomista habría

128 1098 1424 58 reconocido, en su semblante, todos los signos que revelan el

126 1147 1429 51 observador en observacion. Sus ojos fijos y en parte velados

130 1194 1425 56 por las cejas, los lábios apretados, cual si creyera que sus in¬

130 1238 1425 51 vestigaciones podian escaparsele en palabras indiscretas, la ca¬

130 1278 1418 58 beza algo inclinada y de cuando en cuando un movimiento con¬

128 1327 1422 53 vulsivo de los dedos, entre la barba, no podian expresar otra

126 1373 783 50 cosa que lo que en realidad había.

175 1413 1370 66 De pronto se detuvo, apartándose un tanto para no ser visto,

123 1465 1420 51 al observar que los que le precedian se acababan de detener.

130 1504 1415 63 Uno de ellos sacó con cautela el sombrero de la cabeza del

128 1558 1422 51 otro, lo colocó en uno de sus bolsillos, y, llevando ambas manos

128 1605 1420 49 á la cara del segundo, pareció sacar algo pequeño de ella, y exa¬

130 1649 1418 52 minándolo con cuidado, prorumpió en una maldicion formida¬

130 1689 882 56 ble, que hizo extremecer al observador.

182 1731 1366 56 –Donnerweter!–exclamó–Ich habe ihn jetzt gefunden.. (Rayos y

128 1778 529 60 centellas, ya lo encontré!)

173 1824 1370 54 Sacó entónces del bolsillo otro objeto pequeño y, colocándolo

128 1871 1415 54 en el cuello de su dócil acompañante, hizo los movimientos que

128 1913 1417 54 hubiera hecho al dar cuerda á un reloj. Terminada la opera¬

128 1967 725 47 cion, guardó la presunta llave.

175 2002 1368 58 Llamemos Oscar Baum al de la maldicion y guardemos en

126 2051 1057 52 silencio, por un momento, el nombre del otro.

175 2098 924 51 A los pocos pasos, volvieron á detenerse.

175 2128 1368 75 Oscar Baum dijo algo al oido de su compañero, y este re¬

130 2187 117 58 puso:

177 2224 971 61 –Muy buenas noches, señoras y caballeros.

175 2273 1122 56 El observador oculto dió un salto en la oscuridad.

182 2317 1347 54 Pero lo que este no había observado, era que el que acaba¬

142 2357 1392 61 ba de hablar llevaba el cuerpo inclinado hácia adelante, de

133 2402 1403 58 tal modo que cualquiera, al pasar á su lado, le habría adelan¬

135 2451 1401 51 tado la mano ó el brazo, para que no cayese, si no hubiera

135 2497 585 52 sabido de quién se trataba.

191 2532 1343 68 Un nuevo movimiento de Baum arrancó al otro estas pala¬
