1686 2804
741 46 189 54 –10–

119 130 1415 63 bras:–Gracias; como carezco de peso, cualquier posicion me es

116 177 134 54 igual.

177 214 1349 64 –Horacio Kalibang!–murmuró el observador.–Horacio Kali¬

119 266 1415 63 bang, ya sé que no eres más que un autómata!–y satislecho de

119 310 1417 66 aquella observacion, cambió de rumbo y se en caminó á su casa.

166 355 1010 58 El Burgomaestre Hipknock volvía vencedor.

173 406 862 54 Ya sabía quién era Horacio Kalibang.

799 495 54 54 V.

163 579 907 54 El Burgomaestre acababa de levantarse.

166 621 1377 65 El velo de la incertidumbre había desaparecido de su semblan¬

116 675 316 51 te, ya risueño.

168 708 1281 70 — Hum! es hábil el artista. Veamos ahora qué se propone.

170 761 1375 61 Y en aquel momento, cual si las circunstancias se reunieran para

114 808 1431 63 satisfacer su curiosidad, un criado entró en el aposento, trayendo

121 862 225 46 una carta.

163 894 730 61 Hipknock abrió el sobre y leyó:

308 951 767 67 –"Señor Burgomaestre Hipknock.

163 1018 1387 63 "Establecido en este pueblo, desde hace dos dias, con el objeto

116 1077 1429 51 de trabajar más tranquilamente que en Berlin, me tomo la liber¬

119 1119 1431 56 tad de invitar á Vd., para las 2 de la tarde, á esta su casa, calle

119 1161 1204 58 X..... donde tendré el honor de hacerle ver mis obras.

168 1215 1387 51 "Fabricante de autómatas, desde hace algunos años, los últimos

114 1252 1438 65 descubrimientos de Eddison han herido mi amor propio nacional,

116 1303 1439 56 estimulándome á dirijir mis investigaciones en un sentido difinitivo:

116 1345 1432 61 estoy en vísperas de fabricar un cérebro con funciones propias.

166 1394 1389 54 "Conociendo, como conozco, las ideas filosóficas y la ilustracion

116 1439 1436 61 del señor Burgomaestre, he creido que á nadie mejor que á él

119 1488 1185 61 podría pedir un juicio sobre algunos de mis trabajos.

166 1535 1389 56 "Saluda al Señor Burgomaestre, con su mas alta consideracion:

1033 1586 285 63 Oscar Baum

893 1645 582 70 Fabricante de autómatas.

168 1719 1391 73 –Hola! Señor Baum, y Vd. había sido el desconocido de ano¬

116 1780 1446 56 che, eh? Muy bien; veremos sus autómatas. ¡Y Kasper habrá

116 1824 1443 61 salido con la suya? Y qué dirá mi sobrino el Teniente cuando lo

116 1871 1441 61 sepa?–Dirigiéndose entónces al criado, le dijo:–Corre á casa de

121 1920 1434 61 Fritz y dile que le espero á almorzar; agrégale, tambien, que es

116 1972 1055 56 necesario que venga, aunque se esté muriendo.

166 2004 1398 70 El criado salió y el Burgomaestre quedó solo, entregado á sus

116 2063 1448 56 reflexiones, las que, por cierto, no eran muy favorables, ni á los

116 2107 744 63 espiritualistas, ni á los clericales.

170 2149 1387 63 –Donnerweter! dijo repitiendo las palabras que había oido á

119 2194 1438 67 Baum, en la noche anterior,–Ich habe ihn jetzt gefunden. Hé ahí

119 2247 1438 61 lo que vamos á grabar en una lámina de oro, si el fabricante

116 2294 646 61 de autómatas dice la verdad.

804 2385 82 56 VI.

168 2476 1391 63 –Muy buenos dias, pariente–dije al ver á Hipknock, en el

121 2532 1441 64 comedor de su casa, momentos despues;–¿qué acontecimiento

121 2584 482 54 motiva esta llamada?
