2480 3488
1226 296 88 76 2.

404 366 1721 101 gamente, y despues de haberse almrozado tres ter¬

395 444 1727 96 neros cebones y cuatro cubas de un vino sabrosísimo,

395 520 1721 96 siguió los pasos de su señor, sobre la superficie del

395 607 262 81 océano.

482 671 1640 99 Que es esto ? exclamó Tremebundo al acercarse

395 758 1727 84 á esta playa, y ver que salia á recibirle en una

395 834 1724 90 carreta tirada de rocines, el venerable Souloulou,

395 909 1724 85 anciano de Buenos--Ayres. —— En este estado mise¬

389 985 1736 105 rable han tenido esta entrada despues de trecientos

392 1060 1710 111 años? ¿y esa serie de escombros qué viene à ser ? —

395 1136 1718 96 Ese es, ó respetable y poderoso Tremebundo, respondió

392 1220 1724 102 Souloulou, el único muelle que tenemos. Santos cielos!

389 1290 1724 93 repuso Tremebundo, y se podrá contemplar este

383 1371 1727 111 atraso reprehensible sin asombro! y en el mismo

389 1447 1724 113 momento levantó el brazo izquierdo en ademan de

383 1528 1730 93 dolor, se oyó un estrépito violento, y apareció un

386 1604 1718 93 muelle magestuoso, que á manera de un procurrente,

377 1677 1727 104 se introducia rompiendlo las aguas del rio, y quedó

389 1752 1715 108 plantificado con un enlozado brillante, rodeado de

389 1831 1718 96 verjas de hierro, con diez ó doce rastrillos, que

380 1909 1730 93 daban paso á una hermosa gradería, donde Iegaban

377 1991 1727 87 multitud de embarcaciones menores, que substituyéron

380 2057 1727 96 el tráfico de aquellas carretas indecentes. Pasemos

386 2133 1721 102 adelante, dixo Tremebundo, y le siguiéron respe¬

383 2214 1721 96 tuosamente el anciano Soulolou y el esforzado

383 2296 419 90 Chilibran. .

462 2368 1645 96 Pero-que es esto? preguntó Tremebundo al ver

377 2447 1730 99 ese árído arenal y esa remota sombra de alameda.

380 2522 1727 99 Un estado que va adquiriendo tanto crédito entre

377 2604 1730 96 las gentes, tiene un paseo tan escaso en su entrada,

380 2679 1724 108 y unas plantas tan descarnadas? Pues esto que ves

375 2755 1724 102 tan pobre y desgraciado, respondió Souloulou, es

377 2836 1722 96 obra de ayer por la mañana, y es el único paseo

377 2906 1719 122 público de esta afamada capital, no por falta de

130 3089 169 172 66
