2480 3488
1212 264 67 78 7.

389 337 1710 90 hasta los caballos y perros muertos de los arrabales,

401 412 1692 99 y todo lo arrojó incontinenti en la primera alforja,

398 488 1698 104 y poniéndola en el extremo de la palanca la sumer¬

386 560 1707 108 gió en el Océano; los postes se almacenáron al ins¬

392 645 1710 87 tante rara mejor destino. Ahora bien, continuó¬

389 717 1704 93 Tremebundo, en adelante todo vecino barrerá dia¬

386 799 1713 87 riamente el frente de su casa so pena de una multa

389 877 1704 90 inexcusable, y al que se le muera algun animal,

377 953 1716 90 le conducirá antes de doce horas, á un lugar seña¬

377 1023 1716 93 lado media legua de la ciudad, baxo la responsa¬

380 1098 1713 96 bilidad mas estrecha, sin distincion de clases, ni de

377 1180 1716 101 sugetos.—— Y esa carreta atravesada en la es¬

375 1252 1709 96 quina, impidiendo el tránsito ¿que cosa viene á ser?

377 1331 1713 93 Esa carreta es de un vendedor de carne, respondió

377 1403 1719 99 Souloulou. Y qué, dixo Tremebundo, faltan car¬

366 1485 1727 104 nicerías y casas subalternas para ese tráfico en la

372 1557 1721 105 ciudad? Y lleno de un corage inexorable, echó una

375 1633 1715 113 mirada furiosa sobre Chilibran, y éste instantánea¬

372 1714 1715 96 mente agarró la carreta, y arrojola con tal furia.

375 1790 1718 113 por los ayres, que cayó en Constantinopla, y es¬

372 1863 1721 101 tropéo el gran Soliman. Desde luego, se prohibe

369 1944 1718 96 rigurosamente que se aposten estas carretas inde¬

375 2020 1715 96 centes en las esquinas; se prohibe así mismo el

377 2095 1707 99 arrojar, la menor cosa á las calles, y el sacudir

369 2171 1724 104 muebles sucios, el que se limpien coches y frieguen

375 2249 1715 105 los bodegoneros, botelleros ó pulperos sus utensilios

369 2331 1715 107 en público; el que trabajen los cordoneros, zapateros,

366 2403 1721 99 ni otros menestrales fuera de las puertas, el que haya

369 2473 1715 119 mesitas de comistrajos de dia ni de noche fuera de las

369 2552 1703 122 plazas, ni aun las de los recaudadoros de lotería: pro¬

363 2633 1715 102 hibiéndose asímismo el que se limpien esquilen mulas,

363 2711 1721 99 caballos, ni otras cabalgaduras mayores en las calles,

360 2784 1724 113 plazas y sitios públicos, y mucho ménos darles de

377 2860 1701 133 comer, como tambien el que quede en dichos para¬

1974 3220 209 81 71
