<?xml version="1.0" encoding="UTF-8"?>
<alto xmlns:xsi="http://www.w3.org/2001/XMLSchema-instance"
      xmlns="http://www.loc.gov/standards/alto/ns-v4#"
      xsi:schemaLocation="http://www.loc.gov/standards/alto/ns-v4# http://www.loc.gov/standards/alto/v4/alto-4-2.xsd">
  <Description>
    <MeasurementUnit>pixel</MeasurementUnit>
    <sourceImageInformation>
      <fileName>Delirio I, en La prensa argentina 18 jun 1816_page-0001.jpg</fileName>
      
    </sourceImageInformation>
  </Description>
  
  <Tags>
    <OtherTag ID="BT1864" LABEL="RunningTitleZone" DESCRIPTION="block type RunningTitleZone"/><OtherTag ID="BT1865" LABEL="TitlePageZone" DESCRIPTION="block type TitlePageZone"/><OtherTag ID="BT1862" LABEL="MainZone" DESCRIPTION="block type MainZone"/><OtherTag ID="BT1866" LABEL="GraphicZone" DESCRIPTION="block type GraphicZone"/><OtherTag ID="BT1870" LABEL="CustomZone:advertising" DESCRIPTION="block type CustomZone:advertising"/><OtherTag ID="BT1872" LABEL="NumberingZone" DESCRIPTION="block type NumberingZone"/><OtherTag ID="BT1874" LABEL="CustomZone:CuratorNumbering" DESCRIPTION="block type CustomZone:CuratorNumbering"/>
    <OtherTag ID="LT753" LABEL="DefaultLine" DESCRIPTION="line type DefaultLine"/><OtherTag ID="LT754" LABEL="HeadingLine" DESCRIPTION="line type HeadingLine"/>
  </Tags>
  
  <Layout>
    <Page WIDTH="2480"
          HEIGHT="3488"
          PHYSICAL_IMG_NR="0"
          ID="eSc_dummypage_">
      <PrintSpace HPOS="0"
                  VPOS="0"
                  WIDTH="2480"
                  HEIGHT="3488">
        
        <TextBlock HPOS="334"
                   VPOS="399"
                   WIDTH="1777"
                   HEIGHT="2590"
                   ID="eSc_textblock_953ff299"
                   TAGREFS="BT1862">
          <Shape><Polygon POINTS="334 2984 334 399 2110 399 2111 2989"/></Shape>
          
          
          <TextLine ID="eSc_line_2835c109"
                    TAGREFS="LT754"
                    BASELINE="389 1191 2104 1197" 
                    HPOS="386"
                    VPOS="1081"
                    WIDTH="1718"
                    HEIGHT="125">
            <Shape><Polygon POINTS="2046 1087 2043 1084 2023 1104 1962 1081 1959 1081 1930 1081 1901 1081 1889 1081 1840 1087 1747 1081 1726 1081 1697 1081 1668 1081 1639 1081 1610 1081 1581 1081 1552 1081 1523 1081 1494 1081 1479 1081 1476 1081 1474 1081 1474 1084 1456 1098 1436 1084 1436 1081 1433 1081 1430 1081 1407 1081 1378 1081 1349 1081 1328 1098 1311 1084 1311 1081 1308 1081 1305 1081 1302 1081 1299 1081 1296 1081 1247 1113 1244 1113 1235 1113 1162 1113 1130 1081 1116 1081 1093 1101 1072 1084 1072 1081 1069 1081 1067 1081 1058 1081 1029 1081 1000 1081 971 1081 941 1081 912 1081 883 1081 854 1081 828 1081 796 1098 709 1081 680 1081 651 1081 630 1081 598 1110 534 1087 532 1087 529 1087 526 1087 523 1087 523 1090 500 1113 409 1113 389 1191 386 1203 2099 1206 2104 1197 2104 1113 2078 1095 2075 1095"/></Shape>
	    <String CONTENT="LA PRENSA ARGENTINA"
                    HPOS="386"
                    VPOS="1081"
                    WIDTH="1718"
                    HEIGHT="125"></String>
          </TextLine>

          
          
          <TextLine ID="eSc_line_246ac850"
                    TAGREFS="LT754"
                    BASELINE="453 1302 2049 1308" 
                    HPOS="450"
                    VPOS="1214"
                    WIDTH="1599"
                    HEIGHT="105">
            <Shape><Polygon POINTS="450 1310 2043 1319 2049 1308 2046 1238 1878 1217 1695 1217 1692 1217 1689 1217 1686 1217 1665 1232 1616 1217 1613 1217 1610 1217 1607 1217 1558 1235 1555 1235 1549 1235 1462 1220 1459 1220 1386 1235 1381 1235 1378 1235 1363 1220 1363 1217 1360 1217 1357 1217 1354 1217 1267 1229 1177 1214 1174 1214 1000 1232 991 1232 976 1232 657 1217 654 1217 651 1217 648 1217 633 1232 630 1232 625 1232 543 1217 540 1217 453 1229 453 1302"/></Shape>
	    <String CONTENT="SEMANARIO POLITICO Y ECONOMICO."
                    HPOS="450"
                    VPOS="1214"
                    WIDTH="1599"
                    HEIGHT="105"></String>
          </TextLine>

          
          
          <TextLine ID="eSc_line_e1e388d6"
                    TAGREFS="LT754"
                    BASELINE="476 1520 2031 1533" 
                    HPOS="470"
                    VPOS="1438"
                    WIDTH="1559"
                    HEIGHT="99">
            <Shape><Polygon POINTS="470 1528 2023 1537 2029 1531 2029 1453 1883 1444 1881 1444 1878 1444 1875 1444 1863 1453 1831 1470 1750 1453 1706 1444 1703 1444 1645 1453 1555 1467 1526 1453 1517 1450 1514 1450 1325 1438 1322 1438 1276 1441 1273 1441 1270 1441 1270 1444 1258 1453 1247 1464 1194 1456 1107 1438 1104 1438 1101 1438 1061 1456 1040 1462 1000 1456 947 1447 944 1447 880 1456 837 1462 805 1456 721 1438 718 1438 587 1456 566 1459 558 1456 497 1438 494 1438 491 1438 488 1438 485 1438 473 1447 473 1517"/></Shape>
	    <String CONTENT="MARTES 11. DE JUNIO DE 1816."
                    HPOS="470"
                    VPOS="1438"
                    WIDTH="1559"
                    HEIGHT="99"></String>
          </TextLine>

          
          
          <TextLine ID="eSc_line_611584f4"
                    TAGREFS="LT754"
                    BASELINE="1035 1723 1465 1714" 
                    HPOS="1035"
                    VPOS="1639"
                    WIDTH="430"
                    HEIGHT="96">
            <Shape><Polygon POINTS="1415 1648 1410 1648 1381 1645 1311 1639 1293 1639 1264 1639 1235 1639 1221 1639 1209 1648 1160 1642 1148 1645 1119 1645 1090 1648 1061 1648 1035 1723 1035 1735 1462 1729 1465 1714 1459 1691 1439 1648"/></Shape>
	    <String CONTENT="DELIRIO."
                    HPOS="1035"
                    VPOS="1639"
                    WIDTH="430"
                    HEIGHT="96"></String>
          </TextLine>

          
          
          <TextLine ID="eSc_line_e8da2b5a"
                    TAGREFS="LT753"
                    BASELINE="453 1880 2099 1874" 
                    HPOS="450"
                    VPOS="1802"
                    WIDTH="1649"
                    HEIGHT="93">
            <Shape><Polygon POINTS="2020 1822 1991 1822 1962 1822 1907 1822 1907 1819 1904 1819 1875 1819 1846 1819 1834 1819 1834 1822 1712 1822 1709 1819 1703 1816 1700 1816 1671 1816 1642 1816 1636 1819 1633 1819 1625 1819 1599 1813 1584 1813 1555 1813 1526 1813 1497 1813 1485 1810 1476 1816 1468 1819 1462 1816 1442 1810 1439 1810 1410 1810 1381 1810 1366 1810 1351 1816 1349 1816 1340 1816 1229 1807 1206 1807 1177 1805 1148 1805 1139 1805 1069 1816 1023 1822 1008 1816 982 1802 979 1802 976 1802 973 1802 933 1813 904 1822 863 1813 825 1807 822 1807 790 1813 755 1822 741 1813 723 1805 712 1805 691 1805 636 1813 575 1822 561 1813 552 1807 537 1810 508 1810 479 1810 468 1810 450 1810 453 1880 453 1895 2099 1895 2099 1874 2093 1822 2078 1822 2049 1822"/></Shape>
	    <String CONTENT="El noble y poderoso Tremebundo, varon de gran"
                    HPOS="450"
                    VPOS="1802"
                    WIDTH="1649"
                    HEIGHT="93"></String>
          </TextLine>

          
          
          <TextLine ID="eSc_line_3cac5b89"
                    TAGREFS="LT753"
                    BASELINE="366 1956 2093 1962" 
                    HPOS="363"
                    VPOS="1883"
                    WIDTH="1730"
                    HEIGHT="99">
            <Shape><Polygon POINTS="363 1964 447 1979 450 1979 1122 1967 1180 1967 1186 1967 1258 1982 1261 1982 2090 1967 2093 1962 2093 1903 2058 1886 2055 1886 2052 1886 2049 1886 2000 1900 1790 1886 1788 1886 1613 1900 1607 1900 1604 1900 1549 1886 1546 1886 1543 1886 1540 1886 1503 1900 1500 1900 1447 1886 1444 1886 1442 1886 1439 1886 1395 1900 1392 1900 1389 1900 1346 1886 1343 1886 1340 1886 1267 1900 1261 1900 1258 1900 1235 1883 1232 1883 1229 1883 1226 1883 1224 1883 1183 1900 1084 1900 1069 1886 1069 1883 1067 1883 1064 1883 1061 1883 939 1898 933 1898 366 1898 366 1956"/></Shape>
	    <String CONTENT="respeto y reputacion en el pais de las gentes, ó de"
                    HPOS="363"
                    VPOS="1883"
                    WIDTH="1730"
                    HEIGHT="99"></String>
          </TextLine>

          
          
          <TextLine ID="eSc_line_dd48ede0"
                    TAGREFS="LT753"
                    BASELINE="366 2034 2090 2034" 
                    HPOS="366"
                    VPOS="1962"
                    WIDTH="1724"
                    HEIGHT="87">
            <Shape><Polygon POINTS="1881 1976 1872 1976 1869 1976 1817 1962 1814 1962 1811 1962 1808 1962 1776 1976 1764 1964 1764 1962 1761 1962 1758 1962 1756 1962 1753 1962 1700 1976 1692 1976 1683 1976 1607 1962 1604 1962 1526 1973 1506 1976 1482 1973 1392 1962 1389 1962 1386 1962 1383 1962 1369 1973 1366 1973 1354 1964 1354 1962 1351 1962 1349 1962 1346 1962 1273 1973 1241 1976 1224 1973 1189 1962 1186 1962 1183 1962 1081 1970 1014 1976 366 1967 366 2034 366 2049 2090 2049 2090 2034 2090 1979 2014 1962 2011 1962"/></Shape>
	    <String CONTENT="los gigantes, emprendió la reforma del universo físico"
                    HPOS="366"
                    VPOS="1962"
                    WIDTH="1724"
                    HEIGHT="87"></String>
          </TextLine>

          
          
          <TextLine ID="eSc_line_2d69ce64"
                    TAGREFS="LT753"
                    BASELINE="369 2113 2090 2107" 
                    HPOS="366"
                    VPOS="2037"
                    WIDTH="1724"
                    HEIGHT="99">
            <Shape><Polygon POINTS="1136 2052 377 2040 375 2040 372 2040 369 2040 369 2043 366 2043 369 2113 369 2136 2090 2121 2090 2107 2084 2052 1226 2037 1224 2037"/></Shape>
	    <String CONTENT="y moral, lastimado de la miseria y costumbres abyectas"
                    HPOS="366"
                    VPOS="2037"
                    WIDTH="1724"
                    HEIGHT="99"></String>
          </TextLine>

          
          
          <TextLine ID="eSc_line_219e0d7c"
                    TAGREFS="LT753"
                    BASELINE="366 2191 2084 2191" 
                    HPOS="366"
                    VPOS="2116"
                    WIDTH="1718"
                    HEIGHT="87">
            <Shape><Polygon POINTS="366 2203 2084 2203 2084 2191 2084 2133 2020 2116 2017 2116 2014 2116 2011 2116 1974 2133 1802 2116 1799 2116 1796 2116 1758 2130 1703 2116 1700 2116 1697 2116 1695 2116 1692 2116 1692 2118 1674 2136 1514 2136 1476 2116 1474 2116 1471 2116 1468 2116 1401 2133 1357 2116 1354 2116 1351 2116 1349 2116 1290 2133 1200 2116 1096 2116 1093 2116 1090 2116 1087 2116 1087 2118 1072 2130 933 2116 930 2116 927 2116 889 2133 744 2116 741 2116 648 2133 610 2116 607 2116 604 2116 601 2116 598 2116 572 2133 482 2116 479 2116 476 2116 441 2133 404 2116 401 2116 398 2116 395 2116 392 2116 366 2130 366 2191"/></Shape>
	    <String CONTENT="de los hombres. Para Ievar al cabo su designio, de¬"
                    HPOS="366"
                    VPOS="2116"
                    WIDTH="1718"
                    HEIGHT="87"></String>
          </TextLine>

          
          
          <TextLine ID="eSc_line_08d17ff1"
                    TAGREFS="LT753"
                    BASELINE="366 2270 2084 2264" 
                    HPOS="363"
                    VPOS="2194"
                    WIDTH="1721"
                    HEIGHT="87">
            <Shape><Polygon POINTS="1828 2194 1729 2209 1715 2209 1712 2209 1683 2194 1671 2194 1660 2194 1631 2206 1628 2209 1628 2206 1613 2194 1584 2194 1581 2194 1494 2206 1468 2209 1389 2206 1168 2194 1165 2194 1162 2194 1160 2194 1148 2203 1136 2211 1104 2203 1067 2194 1064 2194 1061 2194 1032 2194 1003 2194 982 2194 979 2194 976 2194 973 2194 962 2203 947 2211 363 2200 366 2270 366 2281 2081 2275 2084 2264 2078 2211 1869 2211 1866 2209 1834 2194 1831 2194"/></Shape>
	    <String CONTENT="liberó viajar por todo el globo, con la sola com¬"
                    HPOS="363"
                    VPOS="2194"
                    WIDTH="1721"
                    HEIGHT="87"></String>
          </TextLine>

          
          
          <TextLine ID="eSc_line_1f6251bc"
                    TAGREFS="LT753"
                    BASELINE="366 2348 2075 2339" 
                    HPOS="363"
                    VPOS="2267"
                    WIDTH="1712"
                    HEIGHT="104">
            <Shape><Polygon POINTS="1831 2267 1828 2267 1825 2267 1822 2267 1796 2287 1793 2290 1587 2290 1581 2287 1540 2267 1538 2267 1535 2267 1532 2267 1529 2267 1497 2290 1488 2293 1415 2290 1104 2270 1101 2270 1098 2270 1043 2290 1037 2293 1032 2290 973 2270 971 2270 968 2270 965 2270 921 2287 808 2273 805 2273 802 2273 750 2293 738 2299 703 2299 700 2293 680 2275 680 2273 677 2273 674 2273 596 2273 593 2273 590 2273 549 2293 546 2296 543 2293 520 2273 517 2273 514 2273 441 2273 439 2273 436 2273 363 2293 366 2348 366 2371 2072 2357 2075 2339 2067 2287 1994 2290 1982 2287 1947 2270 1945 2270 1942 2270 1939 2270 1869 2287 1866 2287 1837 2267 1834 2267"/></Shape>
	    <String CONTENT="pañía del esforzado Chilibrau, el mas robusto y"
                    HPOS="363"
                    VPOS="2267"
                    WIDTH="1712"
                    HEIGHT="104"></String>
          </TextLine>

          
          
          <TextLine ID="eSc_line_4bc6db62"
                    TAGREFS="LT753"
                    BASELINE="360 2424 2072 2424" 
                    HPOS="360"
                    VPOS="2348"
                    WIDTH="1712"
                    HEIGHT="96">
            <Shape><Polygon POINTS="500 2363 494 2363 450 2348 447 2348 444 2348 383 2363 360 2424 360 2435 2070 2444 2072 2424 2070 2351 1456 2363 1424 2354 1398 2348 1395 2348 1392 2348 1389 2348 1366 2357 1346 2363 1337 2357 1328 2348 1325 2348 1322 2348 1162 2348 1160 2348 1157 2348 1154 2348 1139 2357 1130 2363 1113 2357 1081 2348 1078 2348 1075 2348 1072 2348 1069 2348 1055 2360 1049 2363 1023 2360 962 2348 959 2348 825 2360 793 2363 767 2360 648 2348 645 2348"/></Shape>
	    <String CONTENT="animoso de sus escuderos. Habia ya corrido casi todo el"
                    HPOS="360"
                    VPOS="2348"
                    WIDTH="1712"
                    HEIGHT="96"></String>
          </TextLine>

          
          
          <TextLine ID="eSc_line_f200d397"
                    TAGREFS="LT753"
                    BASELINE="360 2508 2078 2496" 
                    HPOS="360"
                    VPOS="2427"
                    WIDTH="1718"
                    HEIGHT="95">
            <Shape><Polygon POINTS="1869 2427 1840 2427 1811 2427 1782 2427 1776 2427 1767 2435 1741 2427 1724 2427 1703 2427 1619 2438 1587 2427 1578 2427 1549 2427 1532 2438 1508 2427 1491 2427 1479 2427 1456 2438 1439 2427 1433 2427 1412 2427 1398 2441 1314 2441 1241 2427 1229 2427 1200 2427 1194 2427 1162 2441 1119 2427 1113 2427 1087 2427 997 2441 898 2427 880 2427 860 2427 770 2444 726 2427 723 2427 721 2427 718 2427 715 2427 686 2447 584 2447 398 2427 395 2427 392 2427 389 2427 383 2429 360 2508 360 2522 2075 2508 2078 2496 2072 2438 1913 2427 1898 2427"/></Shape>
	    <String CONTENT="globo, y proporcionado bienes infinitos á la huma¬"
                    HPOS="360"
                    VPOS="2427"
                    WIDTH="1718"
                    HEIGHT="95"></String>
          </TextLine>

          
          
          <TextLine ID="eSc_line_6cbc3ca3"
                    TAGREFS="LT753"
                    BASELINE="357 2575 2075 2569" 
                    HPOS="354"
                    VPOS="2499"
                    WIDTH="1721"
                    HEIGHT="90">
            <Shape><Polygon POINTS="2003 2499 1930 2514 1738 2499 1735 2499 1732 2499 1729 2499 1729 2502 1715 2517 1535 2517 1474 2502 1459 2502 1447 2502 1439 2511 1427 2502 1404 2502 1392 2514 1378 2502 1372 2502 1354 2502 1331 2514 1235 2502 1226 2502 1197 2505 1192 2505 1174 2517 1139 2505 1110 2505 1081 2505 1052 2505 1023 2505 1011 2505 552 2517 540 2508 529 2508 500 2508 470 2508 441 2508 412 2508 383 2508 354 2517 357 2575 357 2589 2072 2584 2075 2569 2072 2517 2009 2499 2006 2499"/></Shape>
	    <String CONTENT="nidad, cuande determinó visitar á Buenos-Ayres. Va¬"
                    HPOS="354"
                    VPOS="2499"
                    WIDTH="1721"
                    HEIGHT="90"></String>
          </TextLine>

          
          
          <TextLine ID="eSc_line_6dc304b0"
                    TAGREFS="LT753"
                    BASELINE="357 2656 2078 2656" 
                    HPOS="357"
                    VPOS="2581"
                    WIDTH="1721"
                    HEIGHT="90">
            <Shape><Polygon POINTS="357 2671 2078 2671 2078 2656 2075 2589 1479 2595 1471 2592 1459 2581 1456 2581 1453 2581 1450 2581 1398 2592 1375 2595 1351 2592 1285 2581 1282 2581 1279 2581 1253 2592 1244 2595 1232 2592 1194 2581 1192 2581 1189 2581 1186 2581 1183 2581 1183 2584 1171 2592 1168 2598 1046 2598 1043 2592 1032 2584 1032 2581 1029 2581 1026 2581 860 2581 857 2581 854 2581 851 2581 851 2584 840 2595 837 2598 703 2598 697 2595 645 2581 642 2581 639 2581 636 2581 633 2581 610 2595 607 2598 357 2598 357 2656"/></Shape>
	    <String CONTENT="mos, valiente Chilibran; le dixo á su escudero, toma"
                    HPOS="357"
                    VPOS="2581"
                    WIDTH="1721"
                    HEIGHT="90"></String>
          </TextLine>

          
          
          <TextLine ID="eSc_line_e1623ba9"
                    TAGREFS="LT753"
                    BASELINE="357 2732 2072 2723" 
                    HPOS="354"
                    VPOS="2659"
                    WIDTH="1718"
                    HEIGHT="90">
            <Shape><Polygon POINTS="1924 2659 1901 2659 1889 2671 1782 2671 1767 2659 1750 2659 1741 2659 1732 2668 1578 2659 1575 2659 1546 2659 1517 2659 1491 2659 1360 2671 1346 2671 1343 2671 1319 2659 1314 2659 1302 2659 1287 2671 1287 2674 1142 2674 1139 2671 1125 2659 1110 2659 1101 2659 1075 2671 1064 2659 1052 2659 1023 2659 994 2659 965 2659 936 2659 927 2659 904 2671 898 2674 880 2671 811 2659 808 2659 354 2671 357 2732 357 2749 2070 2740 2072 2723 2067 2671 1962 2659 1953 2659"/></Shape>
	    <String CONTENT="tus siete alforjas y tu longa palanca, y vamos á obser¬"
                    HPOS="354"
                    VPOS="2659"
                    WIDTH="1718"
                    HEIGHT="90"></String>
          </TextLine>

          
          
          <TextLine ID="eSc_line_c2340d58"
                    TAGREFS="LT753"
                    BASELINE="357 2810 2075 2810" 
                    HPOS="357"
                    VPOS="2740"
                    WIDTH="1718"
                    HEIGHT="85">
            <Shape><Polygon POINTS="357 2822 2072 2825 2075 2810 2075 2758 1860 2740 1857 2740 1854 2740 1817 2755 1814 2755 1799 2755 1657 2740 1654 2740 1596 2752 1584 2758 1354 2758 1349 2752 1340 2743 1340 2740 1337 2740 1334 2740 1331 2740 1270 2752 1247 2755 1238 2752 1218 2740 1215 2740 1212 2740 1113 2749 1055 2755 1014 2749 959 2740 956 2740 910 2749 872 2755 357 2746 357 2810"/></Shape>
	    <String CONTENT="var aquellos nuevos patriotas, que pelean por sus¬"
                    HPOS="357"
                    VPOS="2740"
                    WIDTH="1718"
                    HEIGHT="85"></String>
          </TextLine>

          
          
          <TextLine ID="eSc_line_1b22ef37"
                    TAGREFS="LT753"
                    BASELINE="357 2880 2078 2889" 
                    HPOS="354"
                    VPOS="2813"
                    WIDTH="1724"
                    HEIGHT="87">
            <Shape><Polygon POINTS="1500 2813 1456 2831 1453 2831 1447 2831 1340 2813 1317 2813 1287 2813 1258 2813 1229 2813 1200 2813 1171 2813 1165 2813 1162 2813 1160 2813 1122 2828 1110 2831 933 2831 924 2825 901 2813 880 2813 878 2813 851 2825 843 2831 689 2831 680 2825 662 2813 648 2813 639 2813 619 2822 607 2828 357 2822 357 2880 354 2892 2072 2900 2078 2889 2078 2834 2040 2816 2038 2816 1918 2816 1915 2816 1913 2816 1910 2816 1910 2819 1895 2834 1854 2816 1852 2816 1849 2816 1846 2816 1796 2834 1793 2834 1776 2834 1506 2813 1503 2813"/></Shape>
	    <String CONTENT="traerse de una dura servidumbre. Ellos son sin duda"
                    HPOS="354"
                    VPOS="2813"
                    WIDTH="1724"
                    HEIGHT="87"></String>
          </TextLine>

          
          
          <TextLine ID="eSc_line_b10e0896"
                    TAGREFS="LT753"
                    BASELINE="357 2961 2064 2967" 
                    HPOS="354"
                    VPOS="2889"
                    WIDTH="1710"
                    HEIGHT="107">
            <Shape><Polygon POINTS="354 2976 424 2993 427 2993 895 2985 1040 2982 2058 2996 2064 2967 2064 2909 2032 2892 2029 2892 2026 2892 2023 2892 2020 2892 1945 2912 1939 2912 1933 2912 1869 2892 1866 2892 1863 2892 1689 2906 1648 2892 1645 2892 1642 2892 1639 2892 1636 2892 1636 2895 1619 2909 1613 2912 1590 2909 1482 2892 1279 2892 1276 2892 1273 2892 1270 2892 1270 2895 1255 2906 1250 2912 1221 2906 1139 2889 1136 2889 1058 2903 1032 2909 1003 2903 941 2892 939 2892 936 2892 910 2903 895 2909 828 2903 744 2895 741 2895 738 2895 735 2895 735 2897 729 2903 721 2912 627 2912 601 2900 564 2889 561 2889 558 2889 555 2889 523 2900 494 2909 357 2900 357 2961"/></Shape>
	    <String CONTENT="acreedores á nuestra visita. Chilibran obedeció cié¬"
                    HPOS="354"
                    VPOS="2889"
                    WIDTH="1710"
                    HEIGHT="107"></String>
          </TextLine>

          
        </TextBlock>
        
        <TextBlock HPOS="1151"
                   VPOS="282"
                   WIDTH="242"
                   HEIGHT="95"
                   ID="eSc_textblock_46483c94"
                   TAGREFS="BT1864">
          <Shape><Polygon POINTS="1151 282 1151 377 1393 377 1393 282"/></Shape>
          
          
          <TextLine ID="eSc_line_36a241de"
                    TAGREFS="LT753"
                    BASELINE="1171 360 1369 369" 
                    HPOS="1168"
                    VPOS="287"
                    WIDTH="209"
                    HEIGHT="90">
            <Shape><Polygon POINTS="1377 342 1377 329 1376 323 1375 294 1244 293 1229 293 1200 290 1197 287 1171 293 1171 360 1168 369 1363 377 1369 369 1366 363 1372 361"/></Shape>
	    <String CONTENT="N. 39"
                    HPOS="1168"
                    VPOS="287"
                    WIDTH="209"
                    HEIGHT="90"></String>
          </TextLine>

          
        </TextBlock>
        
        <TextBlock HPOS="2004"
                   VPOS="3065"
                   WIDTH="296"
                   HEIGHT="199"
                   ID="eSc_textblock_854e6ed3"
                   TAGREFS="BT1874">
          <Shape><Polygon POINTS="2014 3259 2004 3065 2300 3065 2300 3264"/></Shape>
          
          
          <TextLine ID="eSc_line_48a7cab9"
                    TAGREFS="LT753"
                    BASELINE="2038 3252 2171 3238" 
                    HPOS="2026"
                    VPOS="3110"
                    WIDTH="257"
                    HEIGHT="165">
            <Shape><Polygon POINTS="2110 3115 2081 3124 2052 3139 2026 3156 2038 3252 2040 3275 2171 3252 2270 3211 2283 3110 2139 3121"/></Shape>
	    <String CONTENT="65"
                    HPOS="2026"
                    VPOS="3110"
                    WIDTH="257"
                    HEIGHT="165"></String>
          </TextLine>

          
        </TextBlock>
        
        <TextBlock HPOS="882"
                   VPOS="434"
                   WIDTH="811"
                   HEIGHT="624"
                   ID="eSc_textblock_54ef5a7a"
                   TAGREFS="BT1866">
          <Shape><Polygon POINTS="1685 1056 1693 436 882 434 882 1058"/></Shape>
          
        </TextBlock>
        

        
      </PrintSpace>
    </Page>
  </Layout>
</alto>
