2480 3488
1203 267 93 87 8.

389 348 1739 111 ges carruage alguno sin mulas ni bueyes, ni caba¬

383 427 1751 96 llerías ensilladas, ni en pelo en las puertas de las

380 505 1742 99 casas, exigiendose à los contraventores multas y pe¬

386 581 1739 107 nas progresivas para fondos de policía y hospitales.

398 662 1721 96 Y cuando se descargue en alguna casa leña, carbon,

386 741 1736 101 ó algun otro efecto que ensucie la calle, la hará

392 813 1180 111 barrer al momento el comprador.

459 889 1657 99 Si los periodistas, dixo el anciano Souloulou, en

377 970 1733 96 lugar de dar curso á mil extravagancias en sus pe¬

383 1043 1739 105 riódicos, se hubiesen dedicado á declamar sobre

386 1119 1739 113 tantos defectos de policía, no solo habrian estimulado

380 1197 1745 113 á los magistrados á mandar y Ilevar á efecto sus

389 1276 1739 101 mandatos, sino que el pueblo se habria acostum¬

383 1369 1733 84 brado á obedecer y vivir aseado y cómodamente;

383 1435 1739 114 pero en nada han pensado ménos que en eso: es¬

377 1502 1745 119 pecialmente el titulado prensista, que en lugar de

369 1584 1750 98 corregir los vicios con sus trancas ponderadas, ha

372 1662 1744 113 divagado las mas veces por regiones insustanciales,

366 1741 1747 98 dando cabida en su papel á mil frivolidades, por

372 1813 1732 105 una reprehensible condeseendéncia.—— Al oir Treme¬

372 1892 1735 99 bundo este discurso tan Ileno de fundamente, se

372 1976 1732 108 poseyó de furiosa indignacion, y haciendo compa¬

366 2049 1727 96 recer al prensista, le miró con ceño iracundo, y

366 2124 1736 99 dió una señal á Chilibran. El prensista asustado

372 2203 1730 104 prorrumpió̀ en alaridos descomunales; pero el des¬

369 2275 1769 120 compasivo Chilibran lo agarró por fos fundillos, y

375 2348 1735 128 le arrojó con impulso tan acertado, que cayó de

366 2429 1741 120 cabeza en el Vesuvio. —— A los gritos furibundos

366 2505 1738 119 del infeliz acudiéron quinientos perros, que pusié¬

369 2581 1730 122 ron en cuidado á Souloulou; pero el intrépido Chi¬

369 2659 1741 119 libran Ios embocó en una alforja, y á todos los

369 2738 1747 119 demas que poblaban la ciudad, y dándole media

372 2816 1730 105 vuelta, Ia tiró á la isla de Santa Elena.—— Esta

369 2895 1735 136 canalla, dixó Chilibran, se comeria diez y ocho ó

183 3095 247 262 72
