2480 3488
1215 267 87 75 4.

372 337 1735 96 primer magistrado. Al oir estas últimas palabras

357 412 1747 102 arrugó la frente el gigante, frunció la boca, y con

363 491 1736 110 impulso ayrado dió un puntapié á la fortaleza, de¬

366 569 1733 108 xándola desmoronada, y entónces con ayre generoso

369 648 1727 101 hizo un corto ademan de cabeza, como ordenando

363 729 1736 93 alguna cosa, y á manera de encanto salió del centro

363 808 1739 84 de la tierra una sólida fortaleza compuesta de cua¬

366 880 1727 93 tro baluartes, sus correspondientes cortinas, rebe¬

360 962 1721 93 llines, fosos, caminos cubiertos, puentes y esplanadas.

366 1040 1730 96 En el intérior contenia limpios y proporcionados

372 1116 1721 101 pabellones, y un edificio central de bella y simple

363 1197 1730 84 arquitectura, sobre cuyo chapitel tremolaba la ban¬

366 1270 1730 90 dera azul y blanca, Esta, dixo Tremebundo, será

369 1348 1730 93 la habitacion del gefe supremo del estado. Entrémos

366 1424 683 93 ahora en la ciudad.

456 1499 1643 99 Pero cual fué su sorpresa, cuando advirtió nues¬

369 1575 1733 90 tro baxo y mal construido caserío, nuestra nula¬

369 1653 1730 91 arquitectura. Se conoce, dixo, que aquí se ha tra¬

372 1729 1727 93 tado exclusivamente de buscar dinero; para gozarle

369 1813 1727 85 en otra parte, y que los gobernadores de este pue¬

366 1886 1730 87 blo le han mirado del modo que se mira ordina¬

369 1959 1730 96 riamente un Iugar de tránsito: y fixando la vista

366 2037 1741 93 en las casas consulares, observó que del caserío venia

369 2113 1727 93 á ser lo ménos malo. Sea esto hecho, dixo entón¬

372 2191 1735 93 ces, y dando una fuerte patada sobre el suelo, se

369 2270 1735 93 desplomó la ciudad, y en el mismo instante levan¬

380 2351 1724 87 tando el brazo derecho, con la mano abierta y ade¬

372 2427 1732 93 man imperioso, quedó reedificada al mismo nivel

369 2502 1735 99 del consulado, á excepcion de los edificios públicos,

375 2581 1729 93 como la aduana, casas consistorioales, administracion

372 2656 1738 96 de correos, teatro, cárcel publica, colegios, casa

377 2735 1745 96 de inválidos, hospicio &. en que sobresalia

375 2813 1735 90 la elegancia, comodidad y diversidad en la arqui¬

377 2883 1736 134 tectura; siendo muy notable la amplitud de las salas

136 3082 234 249 68
