2480 3488
1215 296 75 99 6.

366 386 1730 90 de corral, y esos fétidos y horrorosos pantános á

369 465 1721 87 los extremos de todas las calles. Estos postes, re¬

380 543 1724 90 puso Souloulou, son una precaucion necesaria para

375 619 1721 93 libertarse del asalto de un caballo; especialmente

369 694 1730 93 en el dia, que la hez insolente, creyéndose elevada

372 773 1724 99 al rango de igualdad comun, se supone con suficiente

372 848 1718 93 derecho á echarse con su caballo sobre cualesquier

372 927 1727 90 hombre moderado, y éste es uno de los fueros en

372 1002 1721 93 que hacen consistir su igualdad. Lo mismo sucede

369 1084 1724 87 con el carretero por medio de esos pantanos, que

369 1159 1721 96 aun que vea aproximarse los sugetos mas conde¬

369 1238 1734 93 corados, prosigue con la mas grosera audacia, y

372 1310 1732 91 salpica de alto abaxo al que no se salva á toda

380 1392 1716 90 prisa en el zaguan mas cercano.—— Pero qué,

369 1464 1721 105 dixo Tremenbundo ¿no se respetan aquí las dispo¬

369 1540 1724 96 siciones de la policia? No hay castigos determinados

380 1619 1716 107 para contener la audacia del hombre grosero? para

372 1694 1730 99 reprimir la animosidad del villano? Hágase, añadió,

375 1775 1727 91 respetar la ley y al magistrado. Sufra la pérdida

375 1848 1729 105 del caballo ó carruage el que insulte el respeto pú¬

377 1927 1727 90 blico, ó pague por cada infraccion un equivalente

375 1999 1718 99 igual al valor del caballo ó carruage, ademas de

377 2081 1719 93 le pena inevitable á que se haga acreedor por su

377 2153 1725 96 malicia, ó efectos de su arrojo. Y al momento de

375 2232 1727 93 acabar este discurso dió otra fuerte patada que hizo

377 2310 1722 90 estremecer la tierra, y cayéron al instante todos

375 2386 1721 96 los postes de la ciudad; las barrancas y pantanos que¬

375 2464 1718 93 dáron allanados, y las calles con un firme empe¬

377 2546 1727 90 drado, y buenos enlozados por las aceras para el

377 2616 1733 113 tránsito de á pie, dexando solamente un guarda¬

377 2700 1722 90 ruedas en cada esquina, para evitar el encuentro

375 2767 1727 101 inevitable de un carruage. El esforzado Chilibran

375 2851 1724 122 sorbió con su aliento todo el fango de los pantanos,

377 2924 1725 133 euvolriendo en el vórtice de su violenta atraccion

133 3197 186 171 70
