2480 3488
375 406 1692 93 veinte reses diarias, que pudieran servir para mi¬

383 485 611 105 preciso, alimento.

383 549 1707 122 Tremenbundo al ver esta escena se expresó del

377 633 1719 114 modo siguiente: A fin de evitar los graves daños

380 712 1707 104 que se originan de la multitud de perros, que hay

377 790 1719 111 á todas horas por la calle, prevengo á los que

383 869 1719 84 tuvieren mastines, ó cualquiera otra clase de perro

377 941 1722 102 temible, que no los dexen sueltos, ni lleven ó per¬

377 1023 1716 90 mitan que anden por la ciudad y sus contornos sin

377 1098 1716 105 frenillo y cadena, baxo la pena de cincuenta pesos

377 1174 1713 93 de multa para fondos de policía y hospitales ademas

377 1249 1716 117 de la pérdida, del perro; y todos los perros, sin

380 1334 1713 101 excepcion, que se encontrasen por las calles, serán

375 1409 1706 87 muertos por los guardas, á cuya responsabilidad se

389 1488 570 93 dexa este cuidado.

459 1552 1631 98 Despues de dar estas órdenes dirigió Tremebundo

366 1636 1724 108 su vista hácia las plazas públicas, y viendo el des¬

366 1712 1712 110 aseo de algunas, y la mala distribucion de mercados,

366 1793 1721 107 dispuso inmediatamente que fuese obligacion de la

366 1866 1721 104 policía la limpieza diaria de las plazas, y cuatro de

366 1944 1718 111 ellas en distancias proporcionadas quedáron conver¬

360 2020 1724 113 tidas en mercados públicos, colocando en los cuatro

366 2095 1721 116 frentes de cada plaza, otros tantos rangos de casillas

363 2182 1727 108 muy aseadas de arquitectura, sencilla, y uniforme,

354 2258 1730 108 las que se alquilaron á los vendedores, de efectos á

354 2328 1730 113 beneficio de la ciudad. Concluida, esta obra, que yá

372 2409 1709 96 era de noche, y viendo Tremebundo lo obscuro del

372 2485 1715 93 alumbrado, y considérando que este establecimiento

351 2566 1739 108 era de primera atencion porque atacaba muchos

363 2645 1712 101 males en su raiz, duplicó al momento los faroles,

372 2735 1703 90 colocando un reverbero en un lado de cada uno,

375 2799 1709 110 y quiso que se limpiasen, diariamente; ordenando

372 2877 1709 108 al mismo tiempo un numero de rondines que cela¬

369 2956 1712 107 sen de noche la ciudad, y que cada puérta de calle

1183 337 81 81 9.

2020 3206 183 98 73
