2480 3488
380 363 1733 96 contribuyese á estos costos utilísimos de la manera

380 441 1730 96 siguiente : —— puerta sencilla un real mensual, sa¬

383 517 1730 102 guan dos reales, puerta de café, fonda ó bodegon

377 595 1730 93 cuatro reales.—— Pero viendo el gigante, que aun

386 671 1721 93 le restaba infinito que reformar, y que el anciano

386 747 1721 95 Souloulou estaria fatigado, se retiró á los Andes

389 828 1564 90 con intencion de volver el martes inmediato.

1587 988 363 84 Finalizará.

1000 1148 494 78 COMERCIO.

468 1293 1636 102 Relacion de los buques de alta mar entrados en el

904 1380 700 96 pasado mes de mayo.

1110 1523 273 113 DIA 3.

456 1685 1640 85 Bergantin Dinamarques nombrado Damiel pro¬

369 1755 1724 96 cedente de Olteonio, de donde salio el 14. de enero

375 1834 1718 90 último su capitan Mr. Sumillon: cargamento 30.

372 1912 1721 93 barriles de aguardiente 2 id. quesos, 500. frasqueras

377 1985 1716 107 ginebra, 5. caxones merceria, 17. barriles de pintura.

377 2063 1722 90 de variàs colores, 2 id. albayalde, 520. barriles de

377 2139 1722 90 hierro, 9 caxones de cristales, 20. id. de id. barriles

372 2214 1724 102 (azeyte; 200. damas-juanas vacias, 3 barricas botellas

380 2287 1713 102 verdes ; 12 caxones platillas, 6- id. de bretanas, rua¬

372 2368 1724 91 nes y creas; 50 barriles chicharos, 23 id. cebada.

377 2444 1332 99 A la consignacion de D. Diego Brittain.

1075 2522 326 94 DIA. 15.

468 2592 1634 105 Bergantin ingles EadyWaren procedente de

377 2674 1725 98 Liverpool, de donde salió el 1 de marzo último, su

377 2755 1722 96 capitan Guillermo Guillensor: cargamento 24 ca¬

375 2825 1715 107 xonès, 17 barricas, 12 bultos, 30 canastas y 29 fardo¬

375 2903 1683 143 hacienda, y 40 toneladas de carbon. A la consig¬

1226 279 96 98 10.

127 3113 224 200 74
