2480 3488
1180 255 84 79 5.

357 325 1727 93 en los hospitales, la ventilacion y aseo de todas las

369 409 1712 93 piezas.—— En esta ocasion hubo un acentecimiento

363 488 1718 90 que Ilamó la atencion de todos, y aun el mismo

363 563 1718 82 Tremebundo no puido ménos de extranar aquel fe¬

360 642 1724 84 nómeno; como que estaba persuadido de su fuerza

357 715 1727 87 irresistible. El caso fué que al desplomarse la ciu¬

357 793 1727 87 dad quedáron ilesos todos los templos y la columna

354 869 1727 87 de la patria: pero el circunspecto Tremebundo de¬

360 944 1727 90 terminó dexar el comun de los templos en el estado

357 1020 1724 93 en que estaban, y solo alteró la catedral convir¬

360 1098 1718 93 tiéndola en un soberbio edificio de órden compuesto,

366 1180 1715 84 con cinco naves magnificas, dos torres piramidales

360 1258 1721 84 de magestuosa elevacion, una cúpula ricamente

354 1331 1724 93 dorada y sostenida de ciento ochenta columnas im¬

360 1409 1715 99 ponentes, el pavimento de mármol exquisito, y el

357 1485 1727 90 frontispicio del mismo material y de elegancia mara¬

360 1560 1721 90 villosa, con la siguiente inscripcion sobre la puerta

366 1642 1709 99 principal. EL PUEBLO ARGENTINO AL SER SUPREMO.

436 1723 1648 82 La pirámide de la patria la derribó á un esfuerzo

357 1796 1724 84 de su aliento, y como por arte mágica quedó en

354 1871 1733 88 su lugar una soberbia columna de ciento cincuenta

360 1944 1724 102 pies de elevacion, con una copa exhalando una Ilama

354 2023 1724 90 en su extremo superior, y la siguiente inscripcion

354 2098 1730 90 con letras de bronce dorado en  la circunferencia

357 2188 1727 79 de la base: EL PUEBLO AMERICANO A LA LIBERTAD.

363 2255 558 84 DE SU PATRIA.

427 2348 1657 84 El que se fatigue de leer esto que respire un

366 2415 247 102 poco.)

430 2482 1654 93 El magnánimo Tremebundo miró con ayre gene¬

363 2566 1721 87 roso aquel. monumento elevado al amor de la patria,

369 2642 1718 98 y dando una vuelta en contorno de sí mismo, como

363 2714 1724 93 queriendo exáminar la cindad; no pueden ménos

369 2796 1712 96 que chocarme, exclamó, estos rangos de postes que

372 2874 1715 105 observo por las aceras dando á la poblacion visos

1956 3049 256 267 69.
