2480 3488
1200 319 90 58 3.

375 366 1715 96 terreno á propósito para el efecto, sino por puro

372 444 1715 93 abandono y negligencia. Aun mejor que éste es el

372 520 1715 96 que tenemos en el camino del pueblo de Barracas,

369 595 1718 93 hácia aquella parte. En el momento extendió Tre¬

369 671 1718 96 mebundo los dos brazos, y apareciéron dos alamedas

366 747 1718 95 deliciosas, una desde el fuerte hasta la Recoleta

366 842 1715 76 con tres carreras magestuosas, separadas por cuatro

366 903 1712 93 órdenes de árboles simétricamente dispuestos. Dió

366 982 1712 93 órdenes que la calle del centro fuese para concur¬

369 1055 1718 98 rentes de coche y á caballo, y las de los márgenes

372 1136 1698 110 para el paseo de á pie. En la calle de los carrua¬

372 1212 1706 104 ges colocó en los extremos y el medio equidistante,

366 1287 1712 96 tres magníficas estatuas de la América coronada de

366 1360 1715 99 laureles , Cristoval Colon con un plano en la mano

380 1441 1695 105 y una rodilla doblada en acion de besar la tierra,

375 1520 1709 110 y la Libertad armada de espada y broquel con el

369 1595 1721 108 pie izquierdo sobre un leon; todas tres estatuas sobre pe

360 1671 1724 96 destales iguales, que representaban media esfera so¬

366 1746 1724 96 bre una pirámide trunca. En las dos calles de los lados¬

363 1825 1724 93 apareciéron vários rangos de asientos, de gusto sen¬

360 1900 1727 105 cillo interpolados de pequeñas columnas, en cuyos

363 1976 1712 105 extremos se hallaban los fanales para las luces en

366 2055 1712 95 las noches obscuras, y habia ademas seis asientos de

366 2130 1721 111 mayor longitud que la ordinaria, para colocarse las

366 2214 953 90 músicas en los dias festivos.

441 2284 1643 99 La alameda que apareció en la calle de Barracas,

366 2368 1715 91 aunque no era tan magestuosa, se hacia notable por

366 2438 1486 114 el gusto y noble sencillez que la distinguia.

444 2517 1640 107 Apénas concluyó Tremebundo las obras expresadas,

366 2595 1712 96 cuando volviendo el rostro hácia el sur, pregunto

366 2668 1718 102 que cosa era un edificio arruinado que divisaba. Ese

366 2749 1712 93 es, respondió el anciano Souloulou ; la fortaleza de

363 2825 1718 110 la ciudad, antigua habitacion de los capitanes gene¬

354 2900 1721 120 rales y vireyes, y asiento en el dia de nuestro

2009 3110 219 165 67
