2480 3488
383 1072 1719 137 LA PRENSA ARGENTINA

447 1220 1599 99 SEMANARIO POLITICO Y ECONOMICO.

470 1438 1559 99 MARTES 11. DE JUNIO DE 1816.

1029 1645 433 87 DELIRIO.

450 1802 1649 93 El noble y poderoso Tremebundo, varon de gran

363 1883 1730 99 respeto y reputacion en el pais de las gentes, ó de

366 1962 1724 87 los gigantes, emprendió la reforma del universo físico

366 2037 1724 99 y moral; lastimado de la miseria y costumbres abyectas

366 2116 1718 87 de los hombres. Para Ilevar al cabo su designio, de¬

363 2194 1721 87 liberó viajar per todo el globo, con la sola com¬

363 2267 1712 104 pañía del esforzado Chilibran, el mas robusto y

360 2348 1712 96 animoso de gus escuderos. Habia ya corrido casi todo el

360 2427 1718 95 globo, y proporcionado bienes infinitos á la huma¬

354 2499 1721 90 nidad, cuando determinó visitar á Buenos-Ayres. Va¬

357 2581 1721 90 mos; valiente Chilibran; le dixo á su escudero, toma

354 2659 1718 90 tus siete alforjas y tu longa palanca, y vamos á obser¬

357 2740 1718 85 var aquellos nuevos patriotas, que pelean por sus¬

2029 3107 203 157 65

1168 287 214 92 N. 39

354 2813 1724 87 traerse de una dura servidumbre. Ellos son sin duda¬

354 2889 1710 107 acreedores á nuestra visita. Chilibran obedeció cié¬
