1736 2381
665.0 316.0 326.0 35.0 HISTORIA VEROSIMIL

1259.0 310.0 50.0 45.0 21

304.0 443.0 1048.0 62.0 más sábias, han designado trabajos útiles

305.0 511.0 1043.0 63.0 como castigo para el delito, contentándose,

305.0 583.0 1043.0 62.0 para las faltas leves, con cubrir de ver¬

306.0 650.0 1044.0 68.0 güenza y de ridículo á los culpables, obli¬

305.0 724.0 1047.0 63.0 gándoles por cierto tiempo á ostentar, en el

305.0 793.0 1043.0 61.0 ojal del dolman, cintas de colores chillones.

363.0 862.0 983.0 66.0 El convoy pronto llegó á la soberbia es¬

305.0 933.0 1048.0 56.0 tacion de Linda. Esta ciudad, que no cuenta

306.0 1009.0 1048.0 58.0 un siglo de existencia, es, hablando con

306.0 1074.0 1046.0 66.0 propiedad, la ciudad de la Instruccion Pú¬

305.0 1142.0 1045.0 59.0 blica. Su admirable situacion la había de¬

305.0 1219.0 1048.0 60.0 signado para este importante destino. En

306.0 1285.0 1044.0 54.0 vez de hallarse rodeada de baluartes, como

303.0 1357.0 1045.0 62.0 las ciudades antiguas, le sirve de adorno,

303.0 1429.0 1042.0 59.0 en toda su circunferencia, una ancha gale¬

303.0 1501.0 1047.0 58.0 ría elevada y en la que circula un aire

303.0 1572.0 1047.0 57.0 fresco; este inmenso pórtico circular sirve

304.0 1644.0 1045.0 62.0 de paseo para los ancianos y de refugio pa¬

305.0 1712.0 1044.0 60.0 ra las criaturas, en dias de mal tiempo. Los

304.0 1784.0 1048.0 63.0 canales de agua corriente y los corpulentos

305.0 1853.0 1044.0 62.0 árboles prestan su frescura á todas las ca¬

306.0 1925.0 1047.0 61.0 lles; las casas, construidas en el mismo ni¬

836.0 2252.0 355.0 77.0 Digitized by Google
