1763 2396
415.0 268.0 75.0 46.0 102

669.0 276.0 465.0 35.0 BUENOS AIRES EN EL AÑO 2080

371.0 404.0 1053.0 52.0 mento casi imverosímil del valor de los te¬

371.0 477.0 1053.0 58.0 rrenos de que en otro tiempo se hizo com¬

376.0 545.0 1048.0 61.0 prador y dueño. Algunos de estos terrenos

374.0 617.0 1050.0 59.0 valen hoy mil seiscientas veces lo que cos¬

372.0 688.0 1052.0 62.0 taron al adquirirlos; es decir: las leguas que

370.0 761.0 1052.0 57.0 se pagaron antes á razon de cinco mil pesos,

370.0 827.0 1049.0 59.0 hoy cuestan ocho millones; ó, en otros tér¬

370.0 899.0 1050.0 60.0 minos, que una hectárea cuadrada vale hoy

376.0 971.0 715.0 60.0 lo que antes valia una legua.

427.0 1039.0 996.0 61.0 Sobre la orilla exterior del Bosque se

374.0 1108.0 1036.0 60.0 halla el Jardin de las Cenizas, en donde, y

374.0 1183.0 1045.0 60.0 bajo árboles corpulentos y entre flores, es¬

372.0 1253.0 1054.0 59.0 tán depositadas las urnas funerarias; en el

368.0 1321.0 1059.0 71.0 centro de estos Jardines se ha levantado la

372.0 1393.0 1052.0 64.0 pirámide en la que se hace la cremacion de

374.0 1465.0 289.0 63.0 los cuerpos.

870.0 1617.0 62.0 58.0 X

434.0 1745.0 988.0 63.0 La region del bosque del Riachuelo co¬

374.0 1820.0 1049.0 60.0 rona dignamente todas las magnificencias

372.0 1884.0 1048.0 66.0 del barrio del Puerto. Nada tan espléndi¬

825.0 2266.0 364.0 70.0 Digitized by Google
