1727 2381
645 318 325 37 HISTORIA VEROSIMIL

1237 318 46 44 81

287 453 1039 60 daderos excesos de imaginacion para formar,

283 523 1039 60 con estos pedacitos de mármol, arabescos y

287 595 1044 59 dibujos los más caprichosos; el comercio

288 668 1044 58 tenía que aprovechar naturalmente este mo¬

287 739 1044 57 saico para hacer de él un instrumento ori¬

288 805 1045 66 ginal de publicidad, así es que se puede

287 875 1045 61 leer sobre el empedrado de las calles, de

288 948 1044 63 las plazas, de los sguares y de los paseos los

288 1018 1044 61 nombres y las señas ó direccion de las prin¬

287 1086 1046 63 cipales casas de negocio. La poblacion Chi¬

288 1160 1051 59 na, como es aquí muy numerosa, y el idioma

288 1226 1047 62 del Celeste Imperio tan comun como cual¬

288 1296 1052 65 quiera de las lengua Americanas ó Euro¬

291 1367 1045 65 peas, y además la Escritura Chinesca pres¬

295 1439 1048 54 tándose admirablemente á la concision, estos

293 1510 1048 58 avisos, en la mavor parte, estan trazados

295 1578 267 59 en Chino.

355 1644 989 61 Por todas las calles circulan los tram¬

303 1720 1044 60 ways eléctricos; no ya esos pesados y ame¬

300 1789 1045 58 nazadores tramways de antaño, con sus

300 1859 1048 62 cornetas que daba dentera oirlas y capaces

305 1931 1042 59 de hacer condenar á un santo, pero sí unos

1294 2081 35 44 6

819 2254 374 69 Digitized by Google
