1714 2380
638.0 285.0 327.0 36.0 HISTORIA VEROSIMIL

1236.0 285.0 49.0 38.0 59

275.0 412.0 1048.0 61.0 dibular, ejecutaban una sinfonía de encías

293.0 487.0 1033.0 61.0 y gargarismos de un sonido ronco, seguido

275.0 559.0 1051.0 58.0 de pequeñas cascadas nauseabundas capaces

275.0 625.0 1050.0 61.0 de sublevar el estómago de un náufrago

273.0 698.0 1052.0 58.0 en ayunas. Esta costumbre atroz, dicen,

275.0 766.0 1054.0 65.0 ha subsistido por todo un siglo, y tambien

272.0 839.0 1055.0 61.0 en las grandes salas de los restauranes

275.0 909.0 1054.0 64.0 públicos. Allí, una familia que recien se

275.0 981.0 1051.0 64.0 ponía á la mesa, á menudo tenía por veci¬

275.0 1052.0 1055.0 59.0 na á otra familia que recien concluia de

273.0 1125.0 1054.0 62.0 comer, y que en torno suyo lanzaba las

275.0 1193.0 810.0 60.0 salpicaduras de su baño maxilar.

338.0 1261.0 856.0 67.0 ¡Oh! tiempos! ¡Oh! costumbres!

331.0 1334.0 998.0 63.0 A las ocho, Enrique rogó á Sebastian le

276.0 1406.0 1054.0 64.0 condujera á casa del Ministro, y dijo á

275.0 1486.0 268.0 55.0 su esposa:

353.0 1547.0 972.0 62.0 –Voy á tomar órdenes del Gobierno;

275.0 1619.0 1051.0 62.0 no se debe desperdiciar ni un instante, tra¬

279.0 1692.0 1051.0 61.0 tandose de asuntos públicos: á las nueve

276.0 1765.0 365.0 59.0 estaré contigo.

335.0 1831.0 994.0 65.0 Cándido, el mayor de los 14 hijos de

276.0 1905.0 1053.0 63.0 Sebastian, se ofreció para hacerle compañia

839.0 2253.0 371.0 75.0 Digitized by Google
