1756 2387
456.0 324.0 47.0 40.0 84

708.0 320.0 468.0 34.0 BUENOS AIRES EN EL AÑO 2080

885.0 519.0 132.0 68.0 VIII

474.0 661.0 983.0 61.0 La mano puesta en el timon de ébano,

413.0 732.0 1048.0 63.0 Sebastian condujo á sus huéspedes primero

412.0 803.0 1050.0 64.0 al templo principal, que ha tomado el lugar

415.0 873.0 1049.0 63.0 de la antigua Catedral, que cayó bajo el

413.0 938.0 1048.0 60.0 martillo del demoledor, al ensanchar la Pla¬

413.0 1010.0 1051.0 62.0 za de la Victoria. Esta obra maestra del

412.0 1083.0 1049.0 62.0 inmortal Arquitecto Argentino Muratore,

413.0 1153.0 1053.0 63.0 ocupa la esquina de la Avenida Rivadavia

444.0 1222.0 1018.0 64.0 y de la calle Magallanes. Abarca, con to¬

413.0 1295.0 1048.0 64.0 das sus dependencias, dos cuadras comple¬

415.0 1375.0 95.0 54.0 tas.

470.0 1433.0 995.0 66.0 Muratore había estudiado arquitectura

412.0 1503.0 1049.0 60.0 en la escuela de Bellas Artes de Buenos

412.0 1576.0 1049.0 68.0 Aires y obtenido el gran prémio. Preciso

412.0 1648.0 1053.0 65.0 es decir que este Gran Prémio confiere al

415.0 1718.0 1047.0 65.0 que lo obtiene, el derecho de viajar veinte

413.0 1787.0 1045.0 66.0 años á expensas del Gobierno, y el de cons¬

415.0 1860.0 1045.0 62.0 truir un monumento público–que de an¬

417.0 1929.0 1045.0 66.0 temano se le señala–dentro de los veinti¬

834.0 2259.0 362.0 76.0 Digitized by Google
