1745 2384
688.0 305.0 332.0 35.0 HISTORIA VEROSIMIL

1285.0 298.0 49.0 46.0 61

327.0 435.0 1048.0 53.0 confesar, no conozco sinó la América del

327.0 500.0 432.0 65.0 Norte y la India.

451.0 578.0 916.0 65.0 –¿Será que los viajes no le agradan,

329.0 641.0 247.0 59.0 Cándido?

409.0 721.0 874.0 63.0 –Los adoro, pero estoy enamorado.

435.0 786.0 366.0 68.0 –Y ¿de quién?

402.0 859.0 969.0 61.0 –De Violeta, la mas hermosa de todas

329.0 931.0 807.0 62.0 las jóvenes de la isla de Borbon.

437.0 1001.0 306.0 62.0 –¿Francesa?

445.0 1074.0 931.0 61.0 —¿Sí, señora; me encontré con ella hace

332.0 1145.0 1045.0 61.0 pocos dias en el puerto de Saint-Denis á

329.0 1214.0 1048.0 64.0 mi vuelta de Bombay; y desde entónces

329.0 1290.0 1048.0 59.0 mi cabeza y mi corazon se han quedado

335.0 1356.0 425.0 66.0 bajo los trópicos.

422.0 1433.0 950.0 60.0 –Pobre niño; y espera casarse para em¬

333.0 1503.0 383.0 62.0 pezar á viajar?

429.0 1572.0 947.0 62.0 –Sí, señora; preciso es ser dos para dar

340.0 1643.0 1027.0 62.0 un paseo con gusto alrededor del globo, y

333.0 1715.0 834.0 53.0 es triste la soledad en ferro-carril.

408.0 1781.0 967.0 67.0 –Es muy cierto; ¿y ha dado Vd. algu¬

332.0 1856.0 741.0 60.0 nos pasos cerca de la familia?

423.0 1925.0 948.0 66.0 –Esta mañana dirijí al padre un telé¬

834.0 2252.0 348.0 72.0 Digitized by Google
