1731 2380
683 330 331 34 HISTORIA VEROSIMIL

1281 327 47 41 39

386 460 981 58 Respecto á teatros, se cuentan veinticua¬

326 528 1042 61 tro, de los cuales, cuatro Italianos, tres

326 601 979 53 Franceses, uno aleman y cuatro Chinos.

380 670 988 62 Nuestros jóvenes esposos, de lo alto de

323 737 1044 62 las azoteas del hotel, contemplaban el ad¬

322 811 1044 61 mirable espectáculo que ofrecian todos es¬

325 888 1039 56 tos monumentos: esas torres, esas cúpulas,

322 958 1044 61 aquellos minaretes, aquellas agujas, que

323 1026 1045 58 destacaban sus siluetas de piedra sobre el

322 1092 1041 63 brillante azul del cielo. Enrique, sin em¬

322 1168 1041 62 bargo, recordó que el tiempo le apuraba,

322 1241 1044 60 que era cerca de las cuatro, y que tenía que

320 1306 1042 62 presentar á D. Sebastian, antes de la co¬

317 1379 1049 54 mida y de la audiencia del ministro, la carta

320 1447 1043 65 que le había entregado su Padre. Dejó en

317 1515 1034 63 el Hotel de la Paz á su fiel Bonifacio, y

314 1590 1045 62 entró, con Primavera, en un pequeño cupé

314 1662 1046 59 eléctrico, que los trasportó, en ménos de

316 1732 1042 59 cinco mimutos, á casa del honorable Dipu¬

318 1799 134 54 tado.

375 1873 981 61 Antiguamente, dos jóvenes esposos via¬

326 1941 1028 64 jeros llegaban á Buenos Aires ó á otra par¬

839 2253 354 69 Digitized by Google
