1730 2390
397.0 300.0 54.0 35.0 90

652.0 300.0 461.0 33.0 BUENOS AIRES EN EL AÑO 2080

358.0 422.0 1045.0 61.0 temblando á las misas mayores de los dias

360.0 493.0 1045.0 54.0 de fiesta. Actualmente, el interior de la

362.0 562.0 1045.0 63.0 Iglesia ha vuelto á recobrar la dignidad

358.0 634.0 1046.0 64.0 de que, la relajacion de la fé y de las

360.0 707.0 1040.0 61.0 costumbres, la habian privado en tiempos

361.0 774.0 1046.0 65.0 pasados, y la salida de la Catedral no se

362.0 845.0 1047.0 64.0 parece ya á la de un teatrillo de mala

370.0 924.0 198.0 47.0 muerte.

419.0 983.0 992.0 57.0 La calle Cristóbal Colon conduce de la

362.0 1058.0 1050.0 65.0 Catedral á la plaza principal, llamada plaza

361.0 1129.0 1050.0 59.0 Roca. Una hermosa estátua ecuestre de

362.0 1202.0 1049.0 59.0 este general adorna el centro de la misma.

362.0 1270.0 1047.0 63.0 Se recuerda aun hoy dia que Roca, dos ve¬

364.0 1339.0 1043.0 64.0 ces Presidente, desde 1880 hasta 1886, y

364.0 1408.0 1048.0 68.0 de 1892 á 1898, había preparado y dirijido

364.0 1480.0 1049.0 66.0 las campañas del Rio Negro y del Gran

365.0 1553.0 1047.0 61.0 Chaco, y de este modo abierto á la Coloni¬

364.0 1623.0 1048.0 61.0 zacion más de 30,000 leguas de territorio.

368.0 1694.0 1044.0 63.0 Tampoco han echado en olvido que la inmi¬

368.0 1768.0 1047.0 63.0 gracion bajo sus dos períodos gubernativos

368.0 1836.0 1045.0 61.0 ha tomado un desarrollo considerable y que

366.0 1910.0 1046.0 63.0 fué siempre en aumento, merced á la tran¬

809.0 2258.0 394.0 78.0 Digitized by Google
