1732 2394
445.0 289.0 56.0 39.0 38

699.0 289.0 462.0 36.0 BUENOS AIRES EN EL AÑO 2080

407.0 416.0 1042.0 62.0 Pagodas. La capilla de los neo-católicos,

412.0 488.0 1039.0 61.0 que se hizo inutil hácia el año 1975, á cau¬

405.0 559.0 1047.0 62.0 sa de la dispersion completa de esta secta,

405.0 629.0 1050.0 54.0 ha sido transformada en local de reunion

409.0 699.0 1043.0 65.0 para los Espiritistas. El Espiritismo, en

408.0 770.0 1044.0 62.0 verdad, como recibe de los Espiritus, de

405.0 843.0 1048.0 58.0 dia en dia, más manifestaciones, cada vez

405.0 911.0 1048.0 59.0 más materiales, ha entrado de lleno en el

407.0 985.0 772.0 56.0 dominio de las ciencias exactas.

468.0 1054.0 984.0 53.0 Por esta sencilla enumeracion de los edi¬

405.0 1126.0 1047.0 60.0 ficios consagrados á los diferentes cultos se

409.0 1191.0 1043.0 65.0 ve que todos los hombres de fines del XXI

404.0 1267.0 1048.0 65.0 Siglo profesan una Religion; esto quiere

401.0 1339.0 1048.0 65.0 decir que el progreso realizado por la mo¬

401.0 1408.0 1050.0 65.0 ral, por las Ciencias y por la civilizacion ha

405.0 1480.0 1040.0 61.0 vuelto á traer hácia Dios á todos los espí¬

401.0 1557.0 1046.0 60.0 ritus superiores y rectos que, en siglos an¬

403.0 1627.0 1042.0 58.0 teriores, sea por carecer de luces ó por or¬

404.0 1693.0 1040.0 58.0 gullo, se habian dado aires de materialistas.

400.0 1762.0 1045.0 60.0 En nuestros dias, un ateo se ha hecho tan

399.0 1839.0 1045.0 50.0 escaso en el mundo como un animal feroz

399.0 1903.0 333.0 66.0 en la Pampa.

836.0 2264.0 343.0 70.0 Digitized by Google
