1754 2381
644.0 309.0 330.0 34.0 HISTORIA VEROSIMIL

1245.0 304.0 47.0 42.0 85

284.0 432.0 1051.0 66.0 cinco años contados desde su salida de la

285.0 503.0 1049.0 63.0 escuela. Aprovechándose de la munificen¬

287.0 575.0 1048.0 62.0 cia de nuestras leyes, nuestro inmortal ar¬

287.0 644.0 1052.0 68.0 quitecto había ido á visitar la vieja Europa

291.0 716.0 1048.0 65.0 para estudiar las obras maestras del arte

289.0 785.0 1049.0 68.0 Griego y Cristiano: las Catedrales de Ro¬

288.0 858.0 1050.0 63.0 ma, de Amiens, de Chartres y de Milan,

289.0 924.0 1049.0 65.0 la Abadía de Westminster, San Pedro de

291.0 998.0 1048.0 64.0 Roma, la Mezquita de Santa Sofía, de

292.0 1072.0 1047.0 66.0 Constantinopla. Segun los vestigios que se

291.0 1141.0 1046.0 64.0 hallan derribados por tierra ó desparrama¬

289.0 1214.0 1050.0 63.0 dos en los museos, en los trabajos de los

289.0 1284.0 1049.0 63.0 sábios, de los arqueólogos y de los numis¬

291.0 1353.0 1046.0 63.0 máticos, con todo eso había llegado á re¬

291.0 1427.0 1049.0 62.0 construir, bajo su primitiva forma, la Acró¬

293.0 1494.0 1049.0 69.0 polis de Atenas, el templo de Diana en

292.0 1564.0 1048.0 64.0 Efeso y el de Salomon en Jerusalem. En

292.0 1633.0 1051.0 58.0 Pekin había admirado el Altar del Cielo

307.0 1705.0 1035.0 64.0 y el de la Vida Eterna, y en Lahore, en

293.0 1779.0 1045.0 66.0 Dehli y en Ceylan las gigantescas y mis¬

295.0 1850.0 1043.0 62.0 teriosas pagodas de los sacerdotes de Brah¬

295.0 1919.0 409.0 65.0 ma y de Budha.

838.0 2252.0 345.0 71.0 Digitized by Google
