1706 2390
411.0 258.0 60.0 47.0 54

668.0 264.0 465.0 33.0 BUENOS AIRES EN EL AÑO 2080

372.0 391.0 1054.0 57.0 marítima era inflamable en la estension de

370.0 464.0 1052.0 60.0 cien leguas cuadradas, y que se encendía es¬

373.0 535.0 1055.0 61.0 pontáneamente por medio de un tizon de

374.0 608.0 1052.0 58.0 amianto y de carbono puro. Antes de este

376.0 678.0 1049.0 52.0 descubrimiento, los buques, armados con ca¬

376.0 746.0 1050.0 61.0 ñones sencillos á la Schneider perfecciona¬

373.0 815.0 1053.0 56.0 dos, no lanzaban sinó un millar de bombas

378.0 888.0 1047.0 61.0 y balas en cinco minutos, de modo que la ter¬

373.0 958.0 1051.0 64.0 cera parte de las dos flotas enemigas sobre¬

376.0 1026.0 1052.0 64.0 nadaban siempre despues de la batalla. El

377.0 1099.0 1049.0 62.0 abuelo Varela, al popularizar su filantrópico

376.0 1171.0 1050.0 61.0 secreto de destruccion, obligó á dos flotas

376.0 1242.0 1053.0 57.0 á incendiarse mutuamente hasta la última

376.0 1311.0 1052.0 61.0 chalupa y el último marinero. Tambien

377.0 1384.0 1049.0 61.0 desde esa época ya no se baten en el uni¬

381.0 1455.0 1048.0 61.0 verso: el exceso del mal ha engendrado el

378.0 1526.0 134.0 58.0 bien.

437.0 1594.0 988.0 64.0 El dinero gastado cada año por todas las

374.0 1669.0 1047.0 61.0 naciones del mundo para conservar ejérci¬

376.0 1738.0 1048.0 61.0 tos enormes, de millones de soldados y ma¬

376.0 1816.0 1046.0 56.0 rinos, en cañones y municiones, torpedos,

374.0 1885.0 1051.0 61.0 equipos militares, en armar navios, etc., etc.

833.0 2258.0 366.0 78.0 Digitized by Google
