1732 2390
399.0 297.0 56.0 46.0 88

650.0 292.0 469.0 39.0 BUENOS AIRES EN EL AÑO 2080

363.0 426.0 1046.0 61.0 que, al penetrar en él, se esperimenta una

361.0 493.0 1045.0 62.0 honda impresion. Parece que el mismo Dios

363.0 564.0 1043.0 56.0 viene á manifestarse allí al alma humana,

371.0 637.0 1036.0 57.0 y las ideas de ese misterio infinito se nos

362.0 707.0 1047.0 60.0 imponen, sin que al espíritu le sea dado

362.0 774.0 1047.0 63.0 impedirlo, aun al del más materialista de

363.0 847.0 340.0 57.0 los visitantes.

423.0 914.0 988.0 63.0 La Catedral se halla circundada por un

367.0 987.0 1038.0 63.0 pórtico de doce metros de ancho, empe¬

365.0 1059.0 1046.0 60.0 drado de mármoles preciosos y sobre el cual

362.0 1127.0 1047.0 64.0 se abren, por un lado, las puertas del edifi¬

365.0 1198.0 1045.0 64.0 cio, y por el otro, las Capillas históricas

363.0 1268.0 1048.0 61.0 destinadas á los grandes servidores de la

366.0 1338.0 1041.0 62.0 patria. La historia de estos hombres ilus¬

367.0 1410.0 1043.0 53.0 tres se halla escrita sobre el mármol de sus

367.0 1484.0 1043.0 58.0 tumbas, para que sirvan de enseñanza á las

370.0 1554.0 1040.0 59.0 generaciones que en pos de ellos vendrán.

369.0 1617.0 1044.0 63.0 Es el culto que se rinde á los santos de la

366.0 1690.0 1045.0 62.0 humanidad, culto que estrecha la mano al

369.0 1759.0 1040.0 61.0 que se ofrece á los elejidos de la Divinidad,

425.0 1829.0 982.0 61.0 En los edificios que rodean á la Catedral,

395.0 1908.0 1015.0 63.0 y que se enlazan por medio de galerias de

841.0 2262.0 338.0 70.0 Digitized by Google
