1725 2383
650.0 313.0 327.0 36.0 HISTORIA VEROSIMIL

1245.0 308.0 49.0 42.0 25

352.0 438.0 986.0 62.0 Enrique hace á su muger la declaracion

292.0 511.0 1043.0 59.0 de su amor en términos tranquilos y jui¬

292.0 583.0 1046.0 61.0 ciosos, lo que demuestra un nuevo progreso

294.0 654.0 1045.0 56.0 en nuestras costumbres. En otros tiempos

294.0 721.0 1048.0 64.0 el amor empezaba por la Stretta y concluia

298.0 790.0 371.0 63.0 por el Andante.

355.0 857.0 985.0 68.0 En el gran bazar del tren fué que Pri¬

295.0 934.0 1043.0 58.0 mavera compró su ajuar de casada: un ves¬

298.0 1003.0 1048.0 61.0 tido de crespon de la China, que hacía

295.0 1074.0 1048.0 64.0 resaltar bajo sus pliegues y costuras la ado¬

294.0 1143.0 1048.0 64.0 rable forma de la jóven esposa, una paño¬

296.0 1215.0 1048.0 61.0 leta con dos aletitas de gasilla, y un som¬

298.0 1284.0 1048.0 62.0 brerillo liviano, hecho de mil plumillas de

296.0 1356.0 1048.0 63.0 reflejos dorados, y una garzota coqueta de

298.0 1427.0 1046.0 65.0 plumas de paloma. Esta garzota es el signo

299.0 1502.0 1041.0 60.0 con que se distinguen las mugeres casadas:

298.0 1571.0 424.0 60.0 invita al respeto.

360.0 1640.0 976.0 66.0 En la estacion de Tapalqué, Enrique y

299.0 1710.0 1048.0 64.0 Primavera bajaron del tren para admirar el

300.0 1783.0 1047.0 59.0 arco triunfal de esta gran Ciudad; en

302.0 1856.0 1046.0 59.0 él leyeron la inscripcion siguiente : "A

302.0 1923.0 1046.0 56.0 la memoria de Juan Avellaneda. Nació en

832.0 2253.0 362.0 80.0 Digitized by Google
