1736 2381
677.0 300.0 331.0 35.0 HISTORIA VEROSIMIL

1274.0 300.0 53.0 47.0 23

320.0 428.0 1045.0 65.0 man ó de Jujuy, para obtener los diplomas

321.0 498.0 1045.0 61.0 de Doctores en Leyes, ó en Medicina, de

320.0 575.0 835.0 57.0 ingeniero, arquitecto ó estanciero.

377.0 638.0 988.0 65.0 No hay profesores especiales para las len¬

320.0 709.0 1045.0 66.0 guas vivas; el francés, el inglés, el italia¬

318.0 783.0 1047.0 62.0 no, el aleman, el ruso, el portugués y el

316.0 853.0 1048.0 65.0 chino se aprenden jugando, corriendo, na¬

317.0 923.0 1051.0 63.0 dando, pues en cada colegio hay niños de

318.0 993.0 1044.0 63.0 todos los paises, y esos son excelentes pro¬

320.0 1064.0 436.0 53.0 fesores naturales.

377.0 1132.0 987.0 59.0 Para mantener el estímulo, se ha con¬

316.0 1203.0 1046.0 61.0 servado la antigua tradicion de recompen¬

316.0 1276.0 1049.0 60.0 sar cada año á los niños segun el mérito de

316.0 1346.0 1048.0 65.0 sus trabajos; pero se han sustituido los pre¬

316.0 1419.0 1050.0 62.0 mios ridículos de antaño por viajes, cuya

317.0 1488.0 1049.0 60.0 duracion es proporcionada al número de

318.0 1559.0 1047.0 58.0 aprobaciones obtenidas en el concurso. Por

318.0 1629.0 1044.0 61.0 ejemplo, al prémio de excelente se le conce¬

318.0 1695.0 1047.0 64.0 de dar la vuelta al mundo, mientras que á

320.0 1767.0 1045.0 63.0 los ménos recompensados no se les permite

320.0 1837.0 1048.0 62.0 ir sinó hasta Nueva-York. La rapidez de

322.0 1912.0 1042.0 58.0 las comunicaciones permite hacer todos es¬

832.0 2252.0 359.0 71.0 Digitized by Google
