1734 2385
641.0 339.0 330.0 35.0 HISTORIA VEROSIMIL

1239.0 335.0 46.0 42.0 83

289.0 465.0 1040.0 65.0 y mitad para los que bajan. En medio de

282.0 539.0 1046.0 57.0 la plataforma de interseccion, se encuen¬

285.0 609.0 1039.0 61.0 tran elegantes kioscos, pintados de azul y

282.0 681.0 1046.0 59.0 oro; en uno se espenden los periódicos, en

283.0 749.0 1047.0 63.0 otro una jóven vende flores y distribuye

285.0 818.0 1043.0 63.0 gratuitamente á los transeuntes las bebidas

283.0 890.0 1049.0 65.0 higiénicas suministradas por la junta de

283.0 957.0 1050.0 67.0 salubridad, ó el agua fresca y pura de la

289.0 1029.0 1044.0 62.0 Sociedad de aguas clarificadas de la ciudad.

344.0 1099.0 989.0 61.0 Por otra parte, el establecimiento de las

290.0 1175.0 1044.0 53.0 vias férreas subterráneas que atraviesan la

287.0 1248.0 1050.0 58.0 ciudad y ponen en comunicacion, con la

289.0 1311.0 1045.0 64.0 estacion del Puerto, todas las líneas que

291.0 1384.0 1043.0 62.0 vienen á parar á Buenos Aires, es de po¬

290.0 1454.0 1047.0 61.0 derosa ayuda para facilitar la circulacion.

292.0 1521.0 1048.0 63.0 Este ferro-carril, llamado El Metropolitano

292.0 1599.0 1032.0 58.0 tiene estaciones en las principales calles, y

291.0 1669.0 1046.0 58.0 cada cinco minutos sale un tren en pos de

295.0 1745.0 241.0 49.0 otro tren.

843.0 2257.0 342.0 68.0 Digitized by Google
