1748 2387
415.0 303.0 55.0 45.0 70

668.0 295.0 463.0 41.0 BUENOS AIRES EN EL AÑO 2080

383.0 428.0 1044.0 65.0 y si, durante la noche, tiene deseos de oir

375.0 503.0 1053.0 56.0 una representacion, no hace sinó abrir sen¬

375.0 571.0 1053.0 61.0 cillamente su aparato. Como cada teatro

376.0 643.0 1055.0 61.0 tiene su hilo, puede variar ó escoger á su

381.0 712.0 1050.0 63.0 gusto. Los más furibundos melómanos

376.0 787.0 1055.0 51.0 estan suscritos á los conciertos permanentes

377.0 854.0 1054.0 62.0 de la calle Cristóbal Colon, que no cesan

376.0 926.0 562.0 52.0 ni de dia, ni de noche.

436.0 994.0 995.0 60.0 En cuanto á los Porteños ricos, casi to¬

377.0 1066.0 1055.0 57.0 dos tienen un teatro lírico en casa, con los

379.0 1143.0 1049.0 58.0 que se proporcionan soirées musicales cuan¬

376.0 1206.0 1056.0 60.0 do no concurren al Gran Teatro de la ciu¬

377.0 1278.0 1056.0 62.0 dad. Sebastian recompensa espléndidamente

376.0 1349.0 1057.0 61.0 á una excelente compañía italiana y á una

376.0 1418.0 1059.0 61.0 orquesta alemana. El teatro ó sala está en

377.0 1494.0 1055.0 62.0 el primer piso y contígua á los aposentos

377.0 1560.0 1054.0 63.0 particulares del dueño de casa y de sus

375.0 1628.0 1056.0 64.0 huéspedes. No tiene sinó una hilera de

379.0 1702.0 1048.0 57.0 palcos con un antesaloncito amueblado con

375.0 1771.0 1054.0 61.0 divanes, estilo turco; el auditorio jamás

375.0 1845.0 1057.0 60.0 excede de treinta personas. No se habla

374.0 1914.0 1054.0 63.0 sinó durante los entreactos; se ha prohibido

830.0 2257.0 354.0 70.0 Digitized by Google
