1775 2397
418.0 274.0 76.0 52.0 104

668.0 282.0 467.0 34.0 BUENOS AIRES EN EL AÑO 2080

377.0 414.0 1044.0 56.0 nos, y que ya no nos consideremos verda¬

378.0 478.0 1046.0 62.0 deramente grandes sino por el alma, la

377.0 547.0 535.0 65.0 inteligencia y el bien.

437.0 617.0 986.0 64.0 Enrique y Primavera leyeron los princi¬

378.0 691.0 1045.0 61.0 pales nombres inscriptos sobre las cinco

379.0 759.0 1048.0 54.0 faces del Arco de la Paz con sus títulos de

379.0 829.0 1046.0 65.0 gloria. Algunos de ellos bastarán para dar

381.0 900.0 562.0 61.0 una idea de los demás.

441.0 970.0 987.0 62.0 Urquiza, de Tucuman, ha descubierto el

378.0 1044.0 605.0 59.0 remedio para la filoxera.

435.0 1109.0 994.0 66.0 Samuel Platt, de Lóndres, ha legado para

379.0 1183.0 1050.0 62.0 los huérfanos de marineros muertos en el

379.0 1254.0 1048.0 63.0 mar, una renta perpétua de 50 mil libras

381.0 1326.0 251.0 54.0 esterlinas.

439.0 1394.0 988.0 65.0 Marquerat, Nueve de Julio, ha connatu¬

379.0 1467.0 1050.0 63.0 ralizado en la República Argentina el al¬

378.0 1539.0 1049.0 62.0 cornoque y los gusanos de seda de la China.

442.0 1612.0 985.0 59.0 Espinosa, sacerdote Argentino, ha con¬

382.0 1680.0 1045.0 60.0 vertido al Cristianismo y á la civilizacion,

385.0 1751.0 1044.0 61.0 y atraido á la Pátria Argentina, trenta mil

378.0 1817.0 1046.0 59.0 Indios asilados en las Cordilleras de los

378.0 1892.0 181.0 56.0 Andes.

837.0 2269.0 350.0 68.0 Digitized by Google
