1755 2393
396.0 296.0 54.0 45.0 74

651.0 289.0 461.0 43.0 BUENOS AIRES EN EL AÑO 2080

416.0 421.0 985.0 64.0 El argumento de Setentrion y Africa, fe¬

356.0 494.0 1042.0 65.0 lizmente privado de palabras, se explica muy

357.0 563.0 1044.0 65.0 bien á los ojos. El viejo Setentrion, ador¬

356.0 636.0 1040.0 60.0 nadas las sienes de témpanos de hielo y

358.0 708.0 1047.0 60.0 apoyado en un baston de roble, atraviesa

360.0 776.0 1050.0 62.0 el lago Mediterráneo para calentarse al sol

364.0 849.0 1043.0 60.0 que se refleja en las montañas del Atlas.

365.0 922.0 1044.0 59.0 Una jóven sentada sobre un leon y coro¬

361.0 990.0 1048.0 64.0 nada de la flor del loto, aparece y se apiada

362.0 1060.0 1048.0 62.0 del pobre viejo desconocido transido de

362.0 1136.0 1051.0 57.0 frio; toca su mano, y Setentrion parece

365.0 1204.0 1044.0 61.0 despertar sobresaltado y recobra su juven¬

366.0 1272.0 1048.0 54.0 tud. Entónces Africa coloca una flor de

366.0 1342.0 1047.0 63.0 loto en la cabellera del anciano y le de¬

369.0 1413.0 1046.0 62.0 vuelve sus búcles de ébano; le da un beso

368.0 1488.0 1046.0 59.0 en la frente, y él, que era un Saturno, se

366.0 1556.0 1052.0 57.0 convierte en un Antinous. Pero todo el

372.0 1625.0 1041.0 63.0 poder de la jóven se limita á estas meta¬

368.0 1697.0 1049.0 60.0 mórfosis; á nada mas alcanza su poder en

372.0 1766.0 1043.0 63.0 pro del porvenir del Africa. Setentrion re¬

376.0 1838.0 1038.0 63.0 juvenecido, devuelto á su sangre el calor,

370.0 1911.0 1041.0 59.0 enamorado, transforma á su vez este viejo

829.0 2265.0 365.0 70.0 Digitized by Google
