1726 2396
406.0 282.0 54.0 49.0 60

661.0 286.0 468.0 36.0 BUENOS AIRES EN EL AÑO 2080

367.0 417.0 1054.0 58.0 á Primavera en ausencia de su esposo. Era

367.0 488.0 1044.0 57.0 un joven interesante de veintidos años; no

368.0 560.0 1049.0 58.0 deseaba sinó casarse para ser feliz, pues los

366.0 632.0 1052.0 61.0 solterones no gozan de ninguna considera¬

366.0 702.0 552.0 55.0 cion en Buenos Aires.

424.0 766.0 990.0 57.0 El fresco ambiente de la noche era deli¬

367.0 839.0 1052.0 64.0 cioso bajo los corpulentos y elevados árbo¬

367.0 909.0 1048.0 62.0 les del jardin de Sebastian. Primavera se

367.0 986.0 1048.0 58.0 sento en un banco de cesped, y, segun cos¬

368.0 1050.0 1054.0 65.0 tumbre de las mujeres, dirigió la palabra

367.0 1122.0 1052.0 66.0 á Cándido, que se mantenía de pié ante

368.0 1198.0 662.0 59.0 ella, en actitud respetuosa.

478.0 1267.0 943.0 61.0 –¿Conoce Vd. nuestro departamento de

368.0 1339.0 1051.0 65.0 Coluguape?–preguntó ella con ese tono

367.0 1408.0 1051.0 61.0 familiar que alienta á los hombres timidos,

371.0 1481.0 746.0 60.0 es decir, á todos los hombres.

446.0 1548.0 975.0 63.0 –No, señora,–respondióle Cándido, in¬

367.0 1621.0 1059.0 61.0 clinando al suelo la vista;–soy todavía

371.0 1697.0 1051.0 61.0 demasiado jóven y he viajado muy poco

375.0 1769.0 349.0 59.0 por mi patria.

470.0 1831.0 895.0 65.0 –Pues ¿qué paises ha recorrido Vd?

451.0 1904.0 972.0 68.0 –Me avergüenzo, Señora, al tenerlo que

829.0 2268.0 361.0 74.0 Digitized by Google
