1732 2390
433.0 339.0 55.0 42.0 30

682.0 331.0 469.0 39.0 BUENOS AIRES EN EL AÑO 2080

394.0 459.0 1048.0 69.0 públicas. Nuestros padres se fastidiaron

391.0 536.0 1052.0 61.0 cinco siglos con el vicio; los hijos han

394.0 602.0 1043.0 63.0 tenido la feliz idea de ensayar la virtud, y

395.0 677.0 567.0 53.0 se consideran dichosos.

451.0 743.0 994.0 65.0 El jóven periodista compareció ante el

393.0 811.0 1049.0 58.0 Senado, y habiendo oido la fulminante acu¬

394.0 884.0 1047.0 61.0 sacion de los dos ancianos y de Bonifacio,

397.0 957.0 1049.0 61.0 testigo mudo de todo el suceso, empezó su

397.0 1026.0 1050.0 53.0 defensa. Desarrolló una estensa teoría, en

395.0 1095.0 1052.0 65.0 la que trató de probar que la música y el

394.0 1165.0 1052.0 61.0 canto llegaban á todo su poder cuando se

398.0 1238.0 1048.0 60.0 les escuchaba mirando á una bonita mujer

398.0 1307.0 313.0 53.0 desconocida.

486.0 1380.0 964.0 59.0 –Son esas todas las razones que tiene

405.0 1449.0 1044.0 64.0 Vd. que presentar para justificar su aten¬

402.0 1518.0 1049.0 63.0 tado? le preguntó el Presidente con acento

401.0 1598.0 180.0 44.0 severo.

472.0 1659.0 981.0 63.0 –Creo que con eso basta, contestó el

405.0 1732.0 215.0 53.0 acusado.

466.0 1801.0 987.0 60.0 Un murmullo de indignacion recorrió

406.0 1869.0 1047.0 68.0 por todo el auditorio. Se presentía condena

406.0 1949.0 226.0 58.0 rigurosa.

835.0 2262.0 354.0 68.0 Digitized by Google
