1721 2378
615.0 321.0 328.0 33.0 HISTORIA VEROSIMIL

1213.0 318.0 51.0 42.0 51

317.0 446.0 987.0 70.0 Sea lo que fuere, el ejemplo de la pros¬

260.0 517.0 1051.0 68.0 peridad de la República Francesa, más que

259.0 590.0 1052.0 56.0 no lo hubiesen hecho todos los libros, todas

259.0 661.0 1049.0 60.0 las teorías y todos los discursos del mundo,

260.0 733.0 1052.0 62.0 habia asestado á las antiguas dinastías un

265.0 807.0 1050.0 60.0 golpe del que no volvieron á levantarse. Así

265.0 871.0 1051.0 69.0 pues, España en 1885, Italia en 1895, la

264.0 945.0 1049.0 63.0 Grecia en 1896 y Alemania en 1902, ha¬

265.0 1017.0 1050.0 66.0 bían derribado la monarquia para adoptar

268.0 1089.0 1049.0 63.0 la forma Republicana. Despues siguieron

267.0 1157.0 1046.0 67.0 el impulso la Bélgica y la Holanda en 1908,

269.0 1229.0 1047.0 64.0 Portugal en 1911, la Austro-Hungría en

272.0 1299.0 1048.0 64.0 1917, la Suecia en 1920, y Dinamarca en

272.0 1369.0 1048.0 65.0 1921. En fin, la Rusia, que despues de la

269.0 1441.0 1052.0 63.0 revolucion de 1880 había echdo por tierra

273.0 1517.0 1050.0 63.0 el despotismo de los Czares para adoptar la

272.0 1587.0 1048.0 55.0 monarquía constitucional, entraba en 1933

274.0 1657.0 1045.0 61.0 en el gran concierto de los demás Estados,

288.0 1731.0 1033.0 60.0 y fué en ese tiempo que se fundaron los

278.0 1798.0 1045.0 67.0 Estados Unidos de Europa, que se compo¬

277.0 1870.0 1044.0 56.0 nian de seis Estados al Norte y ocho al Sur.

344.0 1942.0 977.0 60.0 Los ochos Estados del sur son: Francia,

838.0 2251.0 355.0 75.0 Digitized by Google
