1715 2376
641.0 273.0 332.0 35.0 HISTORIA VEROSIMIL

1242.0 271.0 50.0 44.0 55

281.0 399.0 1044.0 63.0 ha sido empleado desde entonces en el de¬

278.0 472.0 1051.0 61.0 sarrollo de la instruccion pública, en estimu¬

279.0 543.0 1047.0 56.0 lar las ciencias, las letras, las artes, la indus¬

279.0 616.0 1053.0 61.0 tria y la agricultura, en taladrar túnels, en

278.0 690.0 1047.0 57.0 formar canales, hacer puentes y caminos,

275.0 757.0 1053.0 60.0 en obras hospitalarias, etc. etc. Por lo tan¬

278 830 1051 58 to la humanidad saca provecho cada año

277.0 900.0 1052.0 53.0 de más de cinco mil millones arrancados á

274.0 968.0 1050.0 60.0 la furibunda locura de los conquistadores,

275.0 1041.0 1046.0 62.0 por medio de la sublime invencion de un

273.0 1118.0 1053.0 58.0 simple sábio, y una juiciosa organizacion

278.0 1182.0 203.0 65.0 politica.

335.0 1252.0 991.0 56.0 Tales fueron, en resúmen, los asuntos de

274.0 1326.0 1043.0 61.0 que conversaron Enrique y Sebastian, y,

273.0 1399.0 1051.0 56.0 como se ve, en nuestras comidas y sobre¬

275.0 1470.0 1051.0 51.0 mesas modernas, si se habla, es para tener el

275.0 1537.0 1047.0 64.0 gusto de decir algo. Como los viajes pro¬

275.0 1613.0 1047.0 59.0 porcionan instruccion á todos, en general,

274.0 1681.0 1052.0 60.0 nunca faltan asuntos de grande interés, te¬

274.0 1751.0 1051.0 54.0 niendo además el recurso de las noticias de

277.0 1822.0 1048.0 59.0 bulto que á cada instante llegan, merced á

278.0 1895.0 1048.0 62.0 los miles de hilos eléctricos, que, podriamos

837.0 2249.0 367.0 67.0 Digitized by Google
