1736 2380
661.0 349.0 324.0 37.0 HISTORIA VEROSIMIL

1262.0 350.0 42.0 45.0 17

297.0 485.0 1048.0 61.0 tiguas civilizaciones; nuestras opulentas

296.0 550.0 1048.0 63.0 compañias de Ferro-Carriles y Crédito Te¬

296.0 624.0 1040.0 60.0 rritorial, al hacer concesiones de terreno y

296.0 694.0 1047.0 58.0 dotes en dinero á los matrimonios pobres,

296.0 765.0 1049.0 61.0 han hecho que el celibato sea un vicio im¬

299.0 833.0 578.0 64.0 posible en el año 2080.

359.0 908.0 985.0 61.0 La relajacion de costumbres, entre los

297.0 977.0 1046.0 64.0 antiguos, ha retardado dos siglos el pro¬

297.0 1047.0 1048.0 63.0 greso de la verdadera civilizacion. Los

296.0 1117.0 1049.0 65.0 cronistas del siglo XIX nos dan mucho que

299.0 1192.0 1045.0 65.0 pensar acerca de lo que podría ser aque¬

297.0 1261.0 1047.0 59.0 lla, cuando nos refieren lo que sucedía

296.0 1331.0 1045.0 61.0 entonces en el barrio más elegante y más

296.0 1400.0 1049.0 63.0 concurrido de la ciudad: cuando las mu¬

300.0 1474.0 1043.0 65.0 geres más honestas, las jóvenes más puras,

297.0 1541.0 1040.0 65.0 no podian atravesar las calles Florida y

306.0 1611.0 1042.0 65.0 Victoria sinó pasando bajo el fuego de las

301.0 1681.0 1047.0 64.0 miradas de la juventud dorada de aquella

301.0 1754.0 1044.0 65.0 época, y teniendo á menudo que oir dichos

305.0 1824.0 1038.0 66.0 picarescos ó impertinentes á ellas dirijidos.

365.0 1894.0 976.0 62.0 Era de buen tono, en aquellos tiempos,

306.0 1966.0 1043.0 64.0 segun parece, entre nuestra juventud Por¬

1303.0 2112.0 32.0 43.0 2
