1774 2367
719.0 264.0 330.0 35.0 HISTORIA VEROSIMIL

1299.0 263.0 69.0 43.0 103

360.0 391.0 1044.0 61.0 do como la avenida triunfal que une el bos¬

360.0 462.0 1048.0 62.0 que á la ciudad, y á cuya extremidad se

357.0 529.0 1046.0 65.0 levanta el arco de Triunfo de la Paz, gigan¬

357.0 604.0 1050.0 60.0 tesco orador de granito consagrado á los

357.0 673.0 1051.0 62.0 triunfos de la Paz, llamado á ocupar en

356.0 745.0 1052.0 53.0 nuestra moderna civilizacion el lugar de los

356.0 817.0 1051.0 57.0 monumentos que nuestros bárbaros ante¬

359.0 884.0 1045.0 64.0 pasados elevaban á los conquistadores vic¬

359.0 966.0 210.0 42.0 toriosos.

418.0 1023.0 989.0 55.0 El arco de la Paz está dividido en cinco

359.0 1100.0 1042.0 58.0 partes como nuestro globo; tiene cinco faces,

355.0 1167.0 1042.0 59.0 ó cinco losas de mármol, sobre las que es¬

359.0 1237.0 1046.0 62.0 tán grabados los nombres de los héroes de

356.0 1307.0 1048.0 60.0 la Paz con los títulos de sus victorias. No

353.0 1378.0 1048.0 60.0 ha habido celos mezquinos de nacionalida¬

356.0 1453.0 1047.0 60.0 des que hayan venido á escluir ningun

355.0 1525.0 1049.0 56.0 nombre estrangero. Los descubrimientos

356.0 1589.0 1045.0 65.0 de Heinbach, al poner al alcance de nues¬

360.0 1666.0 1045.0 57.0 tra vista las espantosas revelaciones del in¬

356.0 1735.0 1051.0 59.0 finito, han hecho que miremos con tanta

360.0 1806.0 1043.0 59.0 lástima lo exíguo de nuestro átomo plane¬

360.0 1877.0 1045.0 61.0 tario, que no nos atrevemos ya á dividir¬

834.0 2236.0 353.0 71.0 Digitized by Google
