1754 2378
703.0 294.0 327.0 36.0 HISTORIA VEROSIMIL

1300.0 295.0 49.0 39.0 91

343.0 422.0 1048.0 65.0 quilidad con que supo dotar al país, y á las

339.0 490.0 1050.0 64.0 leyes liberales de que él fué el inspirador.

341.0 562.0 1053.0 60.0 En fin: todo el mundo sabe que á fuerza

338.0 632.0 1052.0 62.0 de sabiduría y moderacion, completó la fu¬

339.0 706.0 1054.0 60.0 sion de todos los partidos que dividian en¬

341.0 775.0 1052.0 62.0 tonces la República y que desde entonces

343.0 848.0 931.0 62.0 formaron la gran unidad Progresista.

400.0 919.0 991.0 59.0 Esta inmensa plaza presenta en sus cua¬

342.0 986.0 1051.0 58.0 tro costados, sin solucion de continuidad,

344.0 1063.0 1050.0 61.0 vastas posadas, que siempre parecen dema¬

341.0 1128.0 1053.0 63.0 siado pequeñas, debido á multitud de via¬

347.0 1200.0 1050.0 62.0 jeros de las cinco partes del mundo, que

341.0 1270.0 1054.0 63.0 afluyen á este centro. Se levantan cuatro

344.0 1339.0 1053.0 61.0 Teatros en el centro de cada linea, siendo

343.0 1409.0 1054.0 61.0 obras del mismo arquitecto. El mas hermo¬

342.0 1479.0 1052.0 65.0 so y el mayor de ellos es el Teatro Rossini;

343.0 1554.0 1054.0 60.0 su arquitectura es de lo mas gracioso; las

343.0 1624.0 1054.0 60.0 columnas de su perístilo las forman figuras

343.0 1696.0 1054.0 58.0 de mujer combinadas de la manera mas

346.0 1768.0 1051.0 61.0 ingeniosa y del mármol mas puro, cuyos

346.0 1838.0 1049.0 61.0 grupos, superponiéndose sostienen el corni¬

344.0 1906.0 1054.0 59.0 samento. Las melodiosas heroinas de la

832.0 2251.0 357.0 75.0 Digitized by Google
