1750 2383
646.0 315.0 327.0 37.0 HISTORIA VEROSIMIL

1242.0 313.0 48.0 44.0 35

287.0 443.0 1047.0 58.0 mular una fortuna considerable. En sus

291.0 517.0 1044.0 60.0 últimos momentos, hizo un legado, á la

288.0 583.0 1046.0 64.0 Ciudad de Buenos Aires, de un millon,

288.0 660.0 1047.0 58.0 cuyos intereses, capitalizados durante cien

288.0 730.0 1051.0 59.0 años, habian de producir la suma necesaria

294.0 800.0 1040.0 61.0 para llevar á buen fin esta grande empresa.

290.0 869.0 1045.0 60.0 De los millones sobrantes, una parte se em¬

292.0 938.0 1043.0 65.0 pleó en la construccion de un inmenso Pór¬

294.0 1012.0 1042.0 60.0 tico en la punta del muelle, en donde se

291.0 1080.0 1047.0 57.0 reunen los Filósofos y los Politicos, para

292.0 1153.0 1044.0 62.0 hablar de Dios y de la naturaleza de las

292.0 1221.0 1046.0 65.0 cosas, entre lo infinito del Cielo y lo infinito

295.0 1297.0 1045.0 59.0 de la mar. La otra parte srvió para levan¬

299.0 1364.0 1039.0 64.0 tar, á la entrada del puerto del Riachuelo,

296.0 1433.0 1047.0 59.0 la Estátua-faro de Prometéo, de la cual

300.0 1509.0 1041.0 53.0 tendremos ocasion de hablar mas adelante.

359.0 1580.0 984.0 61.0 Buenos Aires, cuya poblacion hace dos

299.0 1650.0 1046.0 61.0 siglos, no era sinó de 250,000 almas, cuenta

299.0 1718.0 1044.0 65.0 hoy con 2.800,000: ha crecido en propor¬

300.0 1787.0 1038.0 66.0 cion de lo demás de la República, que hoy

304.0 1858.0 1043.0 64.0 posee 30.000,000 de ciudadanos. Limi¬

307.0 1928.0 1040.0 65.0 tada al Este por el Rio, se ha estendido

832.0 2251.0 353.0 80.0 Digitized by Google
