1725 2383
621.0 293.0 330.0 36.0 HISTORIA VEROSIMIL

1217.0 289.0 52.0 51.0 65

261.0 422.0 1047.0 66.0 cias del Gran Chaco y Jujuy, el Rio Ber¬

263.0 508.0 150.0 54.0 mejo.

337.0 563.0 974.0 72.0 –Que desagua en el Paraguay,–dijo el

263.0 643.0 233.0 50.0 ministro.

344.0 710.0 823.0 59.0 –Sí, señor,–repuso el ingeniero.

344.0 779.0 964.0 62.0 –Y tiene su nacimiento cerca de Jujuy.

347.0 847.0 963.0 62.0 –Sí, Señor Ministro. Pues bien! ade¬

262.0 921.0 1048.0 61.0 más de que todo este país se convertirá,

264.0 992.0 1050.0 63.0 por medio de este canal, en un jardin de

264.0 1063.0 1051.0 63.0 300 leguas, haré que queden reducidos á

266.0 1134.0 1049.0 61.0 la mitad los gastos de conduccion de los

263.0 1203.0 1052.0 63.0 minerales y del petróleo, que abundan en

264.0 1274.0 1048.0 65.0 la provincia de Jujuy y de las célebres ma¬

266.0 1342.0 558.0 61.0 deras del Gran Chaco.

348.0 1416.0 827.0 60.0 –Concedido, contestó el mimistro.

337.0 1486.0 979.0 61.0 Y el secretario impuso el sello de auto¬

266.0 1560.0 1053.0 63.0 rizacion sobre un papel de oficio y se lo

272.0 1635.0 524.0 60.0 entregó al ingeniero.

344.0 1698.0 976.0 66.0 –Que Dios le ayude, y cásese Vd.,–le

272.0 1774.0 1047.0 63.0 dijo el ministro, dándole un apreton de

274.0 1852.0 165.0 43.0 mano.

337.0 1910.0 493.0 65.0 El otro vecino dijo:

1281.0 2069.0 28.0 39.0 5

828.0 2253.0 358.0 72.0 Digitized by Google
