<?xml version="1.0" encoding="UTF-8"?>
<alto xmlns:xsi="http://www.w3.org/2001/XMLSchema-instance"
      xmlns="http://www.loc.gov/standards/alto/ns-v4#"
      xsi:schemaLocation="http://www.loc.gov/standards/alto/ns-v4# http://www.loc.gov/standards/alto/v4/alto-4-2.xsd">
  <Description>
    <MeasurementUnit>pixel</MeasurementUnit>
    <sourceImageInformation>
      <fileName>29432330.png</fileName>
    </sourceImageInformation>
  </Description>
  <Tags>
    <OtherTag ID="BT7" LABEL="CustomZone" DESCRIPTION="block type CustomZone"/><OtherTag ID="BT8" LABEL="DamageZone" DESCRIPTION="block type DamageZone"/><OtherTag ID="BT9" LABEL="DigitizationArtefactZone" DESCRIPTION="block type DigitizationArtefactZone"/><OtherTag ID="BT10" LABEL="DropCapitalZone" DESCRIPTION="block type DropCapitalZone"/><OtherTag ID="BT11" LABEL="GraphicZone" DESCRIPTION="block type GraphicZone"/><OtherTag ID="BT12" LABEL="MainZone" DESCRIPTION="block type MainZone"/><OtherTag ID="BT13" LABEL="MarginTextZone" DESCRIPTION="block type MarginTextZone"/><OtherTag ID="BT14" LABEL="MusicZone" DESCRIPTION="block type MusicZone"/><OtherTag ID="BT15" LABEL="NumberingZone" DESCRIPTION="block type NumberingZone"/><OtherTag ID="BT17" LABEL="QuireMarksZone" DESCRIPTION="block type QuireMarksZone"/><OtherTag ID="BT18" LABEL="RunningTitleZone" DESCRIPTION="block type RunningTitleZone"/><OtherTag ID="BT19" LABEL="SealZone" DESCRIPTION="block type SealZone"/><OtherTag ID="BT20" LABEL="StampZone" DESCRIPTION="block type StampZone"/><OtherTag ID="BT21" LABEL="TableZone" DESCRIPTION="block type TableZone"/><OtherTag ID="BT22" LABEL="TitlePageZone" DESCRIPTION="block type TitlePageZone"/><OtherTag ID="BT27" LABEL="DigitizationArtifactZone" DESCRIPTION="block type DigitizationArtifactZone"/><OtherTag ID="BT28" LABEL="CustomZone:Numbering" DESCRIPTION="block type CustomZone:Numbering"/><OtherTag ID="BT29" LABEL="NumberingZone:page" DESCRIPTION="block type NumberingZone:page"/><OtherTag ID="BT30" LABEL="NumberingZone:folio" DESCRIPTION="block type NumberingZone:folio"/>
    <OtherTag ID="LT7" LABEL="CustomLine" DESCRIPTION="line type CustomLine"/><OtherTag ID="LT8" LABEL="DefaultLine" DESCRIPTION="line type DefaultLine"/><OtherTag ID="LT9" LABEL="DropCapitalLine" DESCRIPTION="line type DropCapitalLine"/><OtherTag ID="LT10" LABEL="HeadingLine" DESCRIPTION="line type HeadingLine"/><OtherTag ID="LT11" LABEL="InterlinearLine" DESCRIPTION="line type InterlinearLine"/><OtherTag ID="LT12" LABEL="MusicLine" DESCRIPTION="line type MusicLine"/>
  </Tags>
  <Layout>
    <Page WIDTH="1734"
          HEIGHT="2390"
          PHYSICAL_IMG_NR="85"
          ID="eSc_dummypage_">
      <PrintSpace HPOS="0"
                  VPOS="0"
                  WIDTH="1734"
                  HEIGHT="2390">
        <TextBlock HPOS="418.0"
                   VPOS="288.0"
                   WIDTH="74.0"
                   HEIGHT="45.0"
                   ID="block_0"
                   TAGREFS="BT29">
          <Shape><Polygon POINTS="492 288 492 333 418 333 418 288"/></Shape>
          <TextLine ID="line_0"
                    TAGREFS="LT8"
                    BASELINE="426 325 481 325" 
                    HPOS="426.0"
                    VPOS="297.0"
                    WIDTH="55.0"
                    HEIGHT="42.0">
            <Shape><Polygon POINTS="426 325 426 334 433 339 434 339 435 339 437 339 481 331 481 325 481 297 426 297 426 325"/></Shape>
	    <String CONTENT="86"
                    HPOS="426.0"
                    VPOS="297.0"
                    WIDTH="55.0"
                    HEIGHT="42.0"></String>
          </TextLine>
        </TextBlock>
        <TextBlock HPOS="667.0"
                   VPOS="288.0"
                   WIDTH="487.0"
                   HEIGHT="42.0"
                   ID="block_1"
                   TAGREFS="BT18">
          <Shape><Polygon POINTS="1154 288 1154 330 667 330 667 288"/></Shape>
          <TextLine ID="line_1"
                    TAGREFS="LT8"
                    BASELINE="676 316 1141 318" 
                    HPOS="674.0"
                    VPOS="293.0"
                    WIDTH="467.0"
                    HEIGHT="34.0">
            <Shape><Polygon POINTS="676 316 674 325 1138 327 1141 318 1140 296 676 293 676 316"/></Shape>
	    <String CONTENT="BUENOS AIRES EN EL AÑO 2080"
                    HPOS="674.0"
                    VPOS="293.0"
                    WIDTH="467.0"
                    HEIGHT="34.0"></String>
          </TextLine>
        </TextBlock>
        <TextBlock HPOS="375.0"
                   VPOS="407.0"
                   WIDTH="1076.0"
                   HEIGHT="1564.0"
                   ID="block_2"
                   TAGREFS="BT12">
          <Shape><Polygon POINTS="1451 407 1451 1971 375 1971 375 407"/></Shape>
          <TextLine ID="line_2"
                    TAGREFS="LT8"
                    BASELINE="443 467 1431 464" 
                    HPOS="442.0"
                    VPOS="420.0"
                    WIDTH="989.0"
                    HEIGHT="64.0">
            <Shape><Polygon POINTS="443 467 443 474 563 474 566 474 579 483 580 483 581 483 583 484 624 484 624 483 625 483 627 483 640 474 641 474 648 474 696 480 697 480 698 480 714 474 716 474 1082 474 1085 474 1128 481 1129 481 1130 481 1153 474 1157 472 1163 474 1206 481 1207 483 1346 483 1346 481 1347 481 1348 481 1359 474 1360 472 1365 474 1419 481 1420 481 1421 481 1423 481 1431 474 1431 464 1429 435 1400 420 1399 420 1397 420 1396 420 1363 434 1363 435 1221 435 1218 434 1198 420 1197 420 1195 420 1175 420 1174 420 1173 420 1171 420 1157 432 1156 434 1154 432 1137 424 1136 424 1134 424 1133 424 1113 432 1108 434 1060 434 1057 432 1035 420 1033 420 1032 420 1031 420 1007 431 1000 434 975 431 950 428 948 428 926 431 884 435 872 430 853 422 851 422 805 422 803 422 802 422 801 422 791 430 789 431 785 430 764 422 762 422 761 422 760 422 758 422 749 430 741 435 574 428 572 428 520 435 504 427 494 422 492 422 491 422 442 426 443 467"/></Shape>
	    <String CONTENT="De regreso á Buenos Aires, despues de"
                    HPOS="442.0"
                    VPOS="420.0"
                    WIDTH="989.0"
                    HEIGHT="64.0"></String>
          </TextLine>
          <TextLine ID="line_3"
                    TAGREFS="LT8"
                    BASELINE="385 536 1431 536" 
                    HPOS="385.0"
                    VPOS="495.0"
                    WIDTH="1046.0"
                    HEIGHT="61.0">
            <Shape><Polygon POINTS="385 536 385 543 399 551 401 551 402 552 488 552 488 551 490 551 491 551 499 544 520 551 522 551 523 552 616 552 616 551 617 551 619 551 628 544 689 551 690 551 724 544 781 555 782 555 834 548 867 555 868 555 870 555 871 555 884 544 903 551 904 551 906 551 988 547 1000 555 1001 555 1003 555 1004 556 1043 556 1043 555 1044 555 1069 544 1094 551 1096 551 1190 552 1191 552 1193 552 1217 544 1241 552 1242 552 1381 555 1383 555 1431 543 1431 536 1431 508 1304 508 1303 507 1279 495 1278 495 1276 495 1225 507 1221 507 1132 507 1132 505 1104 495 1102 495 1053 495 1052 495 1051 495 1049 495 1036 505 1035 505 981 495 952 495 951 495 950 495 948 495 935 504 899 495 898 495 896 495 895 495 894 495 882 504 878 507 859 504 823 500 822 500 752 504 701 507 696 504 682 495 681 495 680 495 648 495 647 495 645 495 644 495 632 504 628 507 613 503 576 495 575 495 535 503 515 508 450 508 441 503 429 495 427 495 426 495 425 495 385 501 385 536"/></Shape>
	    <String CONTENT="doce años de viajes, trabajó trece años pa¬"
                    HPOS="385.0"
                    VPOS="495.0"
                    WIDTH="1046.0"
                    HEIGHT="61.0"></String>
          </TextLine>
          <TextLine ID="line_4"
                    TAGREFS="LT8"
                    BASELINE="384 605 1421 608" 
                    HPOS="382.0"
                    VPOS="565.0"
                    WIDTH="1039.0"
                    HEIGHT="59.0">
            <Shape><Polygon POINTS="384 605 382 612 445 622 446 622 756 617 898 614 1419 624 1421 608 1419 576 1339 576 1336 576 1324 566 1323 566 1322 566 1287 566 1286 566 1284 566 1283 566 1272 576 1268 577 1233 577 1227 576 1194 566 1193 566 1191 566 1190 566 1167 576 1161 578 979 578 969 576 936 566 935 566 851 565 850 565 849 565 823 576 821 576 813 576 740 565 738 565 694 576 689 576 384 576 384 605"/></Shape>
	    <String CONTENT="ra poner en orden todos esos materiales, y"
                    HPOS="382.0"
                    VPOS="565.0"
                    WIDTH="1039.0"
                    HEIGHT="59.0"></String>
          </TextLine>
          <TextLine ID="line_5"
                    TAGREFS="LT8"
                    BASELINE="385 675 1433 678" 
                    HPOS="384.0"
                    VPOS="633.0"
                    WIDTH="1049.0"
                    HEIGHT="60.0">
            <Shape><Polygon POINTS="385 675 384 683 399 691 401 691 402 693 459 693 459 691 461 691 462 691 470 685 490 691 491 691 492 691 809 685 1121 693 1122 693 1124 693 1138 686 1169 693 1170 693 1432 685 1433 678 1432 649 1138 649 1136 646 1118 634 1117 634 1116 634 1114 634 1059 643 1047 634 1045 634 1044 634 1016 634 1015 634 1013 634 1012 634 997 646 996 647 944 647 939 645 910 633 908 633 865 633 863 633 862 633 861 633 847 642 810 633 809 633 807 633 806 633 805 633 791 642 722 639 721 639 720 639 718 639 713 645 709 646 696 645 665 639 664 639 663 639 644 643 635 646 632 643 619 633 617 633 616 633 615 633 560 643 544 647 484 647 479 643 467 633 466 633 465 633 398 633 397 633 395 633 394 633 385 638 385 675"/></Shape>
	    <String CONTENT="del crisol en que había echado esa enorme"
                    HPOS="384.0"
                    VPOS="633.0"
                    WIDTH="1049.0"
                    HEIGHT="60.0"></String>
          </TextLine>
          <TextLine ID="line_6"
                    TAGREFS="LT8"
                    BASELINE="384 748 1433 744" 
                    HPOS="382.0"
                    VPOS="701.0"
                    WIDTH="1051.0"
                    HEIGHT="63.0">
            <Shape><Polygon POINTS="384 748 384 758 782 758 817 764 818 764 819 764 821 764 830 756 831 756 857 756 1077 762 1078 762 1128 755 1133 755 1134 755 1144 762 1145 762 1146 762 1319 763 1320 763 1322 763 1340 755 1349 763 1351 763 1352 763 1353 764 1403 764 1403 763 1404 763 1433 754 1433 744 1432 717 1399 701 1397 701 1396 701 1395 701 1365 717 1263 717 1243 701 1242 701 1241 701 1239 701 1238 701 1195 714 1159 701 1158 701 1157 701 1156 701 1154 701 1134 717 1116 717 1084 701 1082 701 1081 701 1028 702 1027 702 1025 702 1005 717 983 717 946 702 944 702 943 702 942 702 924 709 894 702 892 702 891 702 890 702 876 713 863 702 862 702 861 702 837 702 835 702 834 702 833 702 810 717 733 702 732 702 730 702 694 714 669 703 668 703 667 703 665 703 637 718 588 718 564 703 563 703 562 703 538 703 536 703 535 703 534 703 514 718 395 713 394 713 393 713 391 713 382 717 384 748"/></Shape>
	    <String CONTENT="masa de estudios, había salido el plano ad¬"
                    HPOS="382.0"
                    VPOS="701.0"
                    WIDTH="1051.0"
                    HEIGHT="63.0"></String>
          </TextLine>
          <TextLine ID="line_7"
                    TAGREFS="LT8"
                    BASELINE="384 816 1433 819" 
                    HPOS="382.0"
                    VPOS="772.0"
                    WIDTH="1051.0"
                    HEIGHT="61.0">
            <Shape><Polygon POINTS="384 816 382 824 394 831 395 831 397 831 821 825 981 833 983 833 1013 827 1033 833 1035 833 1036 833 1432 825 1433 819 1432 790 1393 787 1377 774 1376 774 1375 774 1373 774 1372 774 1340 787 1318 774 1316 774 1315 774 1314 774 1312 774 1311 774 1294 786 1237 788 1230 788 1227 788 1154 774 1153 774 1152 774 1150 774 1132 788 1130 790 1012 790 1011 788 992 774 991 774 989 774 967 774 965 774 964 774 963 774 947 786 908 772 907 772 906 772 904 772 876 782 858 772 857 772 855 772 854 772 853 772 842 780 831 772 830 772 829 772 793 772 791 772 790 772 789 772 770 787 769 788 659 788 657 787 636 772 635 772 633 772 611 772 609 772 608 772 607 772 588 787 587 788 571 788 570 787 550 772 548 772 547 772 496 772 495 772 494 772 492 772 475 787 384 787 384 816"/></Shape>
	    <String CONTENT="mirable de esa Catedral, que los artistas"
                    HPOS="382.0"
                    VPOS="772.0"
                    WIDTH="1051.0"
                    HEIGHT="61.0"></String>
          </TextLine>
          <TextLine ID="line_8"
                    TAGREFS="LT8"
                    BASELINE="385 886 1435 890" 
                    HPOS="384.0"
                    VPOS="845.0"
                    WIDTH="1051.0"
                    HEIGHT="60.0">
            <Shape><Polygon POINTS="385 886 384 893 401 902 402 902 403 902 469 896 486 902 487 902 488 902 669 896 757 904 758 904 791 897 1214 905 1215 905 1433 898 1435 890 1433 860 1302 859 1286 848 1284 848 1283 848 1282 848 1231 859 1226 860 1183 860 1181 857 1158 848 1157 848 1156 848 1065 857 1061 857 1060 857 1048 847 1047 847 1045 847 1020 847 1019 847 1017 847 1016 847 1003 857 1001 859 768 859 762 856 736 845 734 845 733 845 678 855 672 856 667 855 625 845 624 845 568 855 556 857 486 857 482 855 471 845 470 845 469 845 397 845 395 845 394 845 393 845 385 851 385 886"/></Shape>
	    <String CONTENT="del mundo entero vienen á contemplar con"
                    HPOS="384.0"
                    VPOS="845.0"
                    WIDTH="1051.0"
                    HEIGHT="60.0"></String>
          </TextLine>
          <TextLine ID="line_9"
                    TAGREFS="LT8"
                    BASELINE="385 956 1435 961" 
                    HPOS="384.0"
                    VPOS="913.0"
                    WIDTH="1051.0"
                    HEIGHT="62.0">
            <Shape><Polygon POINTS="385 956 384 965 397 971 398 971 399 971 996 969 1005 975 1007 975 1008 975 1009 975 1076 969 1203 975 1205 975 1433 969 1435 961 1435 932 1391 917 1389 917 1308 917 1307 917 1306 917 1278 930 1259 917 1258 917 1256 917 1233 917 1231 917 1230 917 1229 917 1214 928 1173 916 1171 916 1170 916 1169 916 1167 916 1153 926 1122 916 1121 916 1120 916 1118 916 1117 916 1104 926 1033 929 1021 929 992 929 862 926 835 914 834 914 833 914 770 926 750 914 749 914 748 914 688 914 686 914 685 914 684 914 668 928 667 928 496 928 495 926 459 913 458 913 457 913 455 913 454 913 437 925 385 925 385 956"/></Shape>
	    <String CONTENT="entusiasmo. Muratore no gozó de la dicha"
                    HPOS="384.0"
                    VPOS="913.0"
                    WIDTH="1051.0"
                    HEIGHT="62.0"></String>
          </TextLine>
          <TextLine ID="line_10"
                    TAGREFS="LT8"
                    BASELINE="387 1025 1431 1029" 
                    HPOS="386.0"
                    VPOS="985.0"
                    WIDTH="1045.0"
                    HEIGHT="63.0">
            <Shape><Polygon POINTS="387 1025 386 1033 431 1042 433 1042 434 1042 451 1035 500 1042 502 1042 542 1035 734 1035 778 1043 779 1043 943 1039 977 1047 979 1047 980 1047 981 1047 1005 1036 1020 1043 1021 1043 1023 1043 1092 1038 1105 1048 1106 1048 1108 1048 1109 1048 1169 1040 1363 1048 1364 1048 1429 1036 1431 1029 1429 1002 1267 1002 1264 999 1243 987 1242 987 1241 987 1239 987 1178 999 1167 1001 1128 999 1027 993 1025 993 985 998 968 999 964 997 950 986 948 986 947 986 946 986 880 993 842 986 841 986 839 986 838 986 826 997 822 998 794 995 756 993 754 993 753 993 752 993 749 995 742 999 721 995 672 985 643 985 641 985 640 985 639 985 627 994 621 998 595 994 576 991 575 991 531 994 447 998 438 993 427 985 426 985 425 985 423 985 387 991 387 1025"/></Shape>
	    <String CONTENT="de ver su obra concluida; envejecido y gas¬"
                    HPOS="386.0"
                    VPOS="985.0"
                    WIDTH="1045.0"
                    HEIGHT="63.0"></String>
          </TextLine>
          <TextLine ID="line_11"
                    TAGREFS="LT8"
                    BASELINE="387 1099 1431 1099" 
                    HPOS="387.0"
                    VPOS="1058.0"
                    WIDTH="1044.0"
                    HEIGHT="59.0">
            <Shape><Polygon POINTS="387 1099 387 1108 822 1116 823 1117 910 1117 910 1116 911 1116 912 1116 922 1110 1057 1116 1059 1116 1060 1116 1077 1110 1134 1116 1136 1117 1195 1117 1195 1116 1197 1116 1198 1116 1207 1110 1320 1116 1322 1116 1323 1116 1343 1110 1403 1116 1404 1116 1405 1116 1431 1108 1431 1099 1431 1072 1304 1072 1303 1071 1276 1058 1275 1058 1274 1058 1272 1058 1229 1070 1223 1072 1153 1072 1149 1070 1132 1058 1130 1058 1129 1058 1128 1058 1090 1064 1064 1058 1062 1058 1061 1058 1060 1058 1059 1058 1045 1068 1043 1071 926 1071 770 1071 764 1067 749 1058 748 1058 746 1058 745 1058 744 1058 726 1066 717 1071 709 1066 696 1058 694 1058 693 1058 660 1058 659 1058 657 1058 656 1058 647 1066 641 1070 623 1066 588 1058 587 1058 546 1064 512 1071 492 1064 471 1058 470 1058 469 1058 387 1063 387 1099"/></Shape>
	    <String CONTENT="tado antes de tiempo, murió doce años an¬"
                    HPOS="387.0"
                    VPOS="1058.0"
                    WIDTH="1044.0"
                    HEIGHT="59.0"></String>
          </TextLine>
          <TextLine ID="line_12"
                    TAGREFS="LT8"
                    BASELINE="387 1171 1068 1173" 
                    HPOS="386.0"
                    VPOS="1127.0"
                    WIDTH="682.0"
                    HEIGHT="61.0">
            <Shape><Polygon POINTS="387 1171 386 1180 397 1187 398 1187 399 1187 401 1188 453 1188 453 1187 454 1187 455 1187 455 1185 462 1180 484 1187 486 1187 487 1187 547 1180 730 1187 732 1187 854 1181 883 1188 884 1188 886 1188 1066 1180 1068 1173 1066 1143 954 1141 942 1129 942 1128 940 1128 939 1128 915 1128 914 1128 912 1128 911 1128 894 1140 863 1128 862 1128 861 1128 859 1128 858 1128 858 1129 846 1141 845 1143 810 1143 807 1141 787 1128 786 1128 785 1128 764 1128 762 1128 761 1128 760 1128 760 1129 748 1140 748 1141 704 1141 702 1140 677 1127 676 1127 637 1127 636 1127 635 1127 633 1127 615 1140 584 1127 583 1127 559 1127 558 1127 556 1127 555 1127 555 1128 543 1140 542 1140 535 1140 519 1139 508 1128 508 1127 507 1127 506 1127 487 1127 486 1127 484 1127 483 1127 483 1128 471 1140 470 1141 422 1141 421 1139 406 1127 405 1127 403 1127 402 1127 401 1127 399 1127 387 1135 387 1171"/></Shape>
	    <String CONTENT="tes de finalizar los trabajos."
                    HPOS="386.0"
                    VPOS="1127.0"
                    WIDTH="682.0"
                    HEIGHT="61.0"></String>
          </TextLine>
          <TextLine ID="line_13"
                    TAGREFS="LT8"
                    BASELINE="447 1241 1433 1245" 
                    HPOS="446.0"
                    VPOS="1198.0"
                    WIDTH="987.0"
                    HEIGHT="62.0">
            <Shape><Polygon POINTS="447 1241 446 1249 454 1257 454 1258 455 1258 457 1258 458 1258 515 1250 546 1258 547 1258 548 1258 725 1250 891 1260 892 1260 993 1252 1102 1252 1116 1260 1117 1260 1118 1260 1120 1260 1432 1252 1433 1245 1433 1217 1355 1217 1352 1214 1323 1201 1322 1201 1320 1201 1319 1201 1298 1209 1262 1201 1260 1201 1259 1201 1258 1201 1245 1213 1242 1216 1198 1216 1187 1212 1162 1201 1161 1201 1159 1201 1158 1201 1125 1210 1105 1216 1080 1216 1070 1209 1056 1200 1055 1200 1053 1200 1029 1200 1028 1200 1027 1200 1025 1200 1015 1209 1007 1214 969 1208 959 1206 958 1206 947 1208 922 1210 911 1206 892 1200 891 1200 890 1200 888 1200 871 1206 851 1214 801 1214 761 1204 741 1198 740 1198 738 1198 737 1198 736 1198 729 1204 712 1213 647 1201 627 1198 625 1198 624 1198 623 1198 620 1201 609 1210 532 1213 514 1198 512 1198 511 1198 447 1198 447 1241"/></Shape>
	    <String CONTENT="El cuadro tan exíguo de este relato no"
                    HPOS="446.0"
                    VPOS="1198.0"
                    WIDTH="987.0"
                    HEIGHT="62.0"></String>
          </TextLine>
          <TextLine ID="line_14"
                    TAGREFS="LT8"
                    BASELINE="385 1315 1435 1315" 
                    HPOS="385.0"
                    VPOS="1275.0"
                    WIDTH="1050.0"
                    HEIGHT="59.0">
            <Shape><Polygon POINTS="385 1315 385 1322 474 1323 487 1334 488 1334 490 1334 491 1334 680 1323 686 1323 942 1323 950 1323 1070 1334 1072 1334 1134 1327 1223 1334 1225 1334 1226 1334 1251 1323 1260 1331 1262 1331 1263 1331 1385 1334 1387 1334 1435 1323 1435 1315 1435 1287 996 1286 981 1275 980 1275 979 1275 943 1275 942 1275 940 1275 939 1275 924 1287 801 1287 717 1275 716 1275 714 1275 684 1286 644 1275 643 1275 641 1275 640 1275 621 1285 385 1286 385 1315"/></Shape>
	    <String CONTENT="nos permite dar una descripcion, aunque"
                    HPOS="385.0"
                    VPOS="1275.0"
                    WIDTH="1050.0"
                    HEIGHT="59.0"></String>
          </TextLine>
          <TextLine ID="line_15"
                    TAGREFS="LT8"
                    BASELINE="386 1384 1433 1384" 
                    HPOS="386.0"
                    VPOS="1341.0"
                    WIDTH="1047.0"
                    HEIGHT="62.0">
            <Shape><Polygon POINTS="386 1384 386 1394 620 1402 621 1402 794 1395 847 1402 849 1402 850 1402 874 1395 1157 1402 1158 1403 1296 1403 1296 1402 1298 1402 1315 1395 1322 1402 1323 1402 1324 1402 1326 1403 1400 1403 1400 1402 1433 1394 1433 1384 1433 1355 1376 1354 1360 1341 1359 1341 1357 1341 1326 1341 1324 1341 1323 1341 1322 1341 1306 1354 1266 1341 1264 1341 1263 1341 1262 1341 1227 1354 1202 1341 1201 1341 1199 1341 1198 1341 1156 1351 1142 1341 1141 1341 1140 1341 1138 1341 1137 1341 1118 1350 1108 1341 1106 1341 1105 1341 1072 1341 1070 1341 1069 1341 1068 1341 1052 1353 1051 1354 1048 1353 1013 1341 1012 1341 1011 1341 1009 1341 981 1353 979 1355 940 1355 938 1353 919 1341 918 1341 916 1341 894 1341 892 1341 891 1341 890 1341 874 1353 871 1355 846 1355 842 1353 826 1341 825 1341 823 1341 822 1341 779 1349 770 1341 769 1341 768 1341 726 1341 725 1341 724 1341 722 1341 709 1351 696 1353 665 1355 446 1355 439 1351 423 1341 422 1341 421 1341 419 1341 418 1341 386 1350 386 1384"/></Shape>
	    <String CONTENT="fuera compendiada, de esta Catedral; dire¬"
                    HPOS="386.0"
                    VPOS="1341.0"
                    WIDTH="1047.0"
                    HEIGHT="62.0"></String>
          </TextLine>
          <TextLine ID="line_16"
                    TAGREFS="LT8"
                    BASELINE="385 1455 1435 1457" 
                    HPOS="384.0"
                    VPOS="1415.0"
                    WIDTH="1051.0"
                    HEIGHT="56.0">
            <Shape><Polygon POINTS="385 1455 384 1464 393 1471 394 1471 395 1471 397 1471 1433 1467 1435 1457 1433 1428 1146 1416 1145 1416 1144 1416 1142 1416 1130 1426 1047 1427 997 1427 960 1427 875 1424 865 1415 863 1415 862 1415 830 1415 829 1415 827 1415 826 1415 811 1426 811 1427 698 1427 697 1426 680 1415 678 1415 677 1415 676 1415 608 1426 603 1427 550 1427 548 1426 526 1415 524 1415 523 1415 522 1415 498 1426 495 1426 385 1426 385 1455"/></Shape>
	    <String CONTENT="mos tan sólo que el coronamiento lo forman"
                    HPOS="384.0"
                    VPOS="1415.0"
                    WIDTH="1051.0"
                    HEIGHT="56.0"></String>
          </TextLine>
          <TextLine ID="line_18"
                    TAGREFS="LT8"
                    BASELINE="385 1525 1435 1528" 
                    HPOS="384.0"
                    VPOS="1480.0"
                    WIDTH="1051.0"
                    HEIGHT="64.0">
            <Shape><Polygon POINTS="385 1525 384 1532 399 1540 401 1540 402 1540 516 1533 560 1542 562 1542 702 1533 705 1533 709 1533 793 1540 794 1540 854 1533 865 1533 871 1534 911 1541 912 1541 914 1541 915 1541 926 1534 927 1534 964 1541 965 1542 965 1541 1000 1534 1004 1534 1008 1534 1044 1542 1045 1544 1106 1544 1106 1542 1108 1542 1109 1542 1117 1536 1120 1534 1128 1536 1166 1542 1167 1542 1169 1542 1181 1536 1186 1534 1258 1534 1262 1537 1268 1541 1270 1541 1271 1541 1272 1541 1274 1541 1287 1537 1294 1534 1298 1537 1307 1544 1308 1544 1310 1544 1311 1544 1433 1537 1435 1528 1435 1497 1404 1481 1403 1481 1401 1481 1400 1481 1353 1495 1323 1481 1322 1481 1262 1481 1260 1481 1259 1481 1258 1481 1238 1496 1218 1481 1217 1481 1215 1481 1214 1481 1213 1481 1175 1492 1138 1481 1137 1481 1136 1481 1134 1481 1106 1496 1086 1481 1085 1481 1084 1481 1047 1481 1045 1481 1044 1481 1043 1481 1031 1491 1019 1481 1017 1481 1016 1481 1015 1481 1013 1481 983 1496 981 1496 940 1481 939 1481 938 1481 936 1481 935 1481 918 1495 898 1480 896 1480 895 1480 874 1480 872 1480 871 1480 870 1480 850 1496 813 1496 680 1496 678 1495 660 1480 659 1480 657 1480 656 1480 655 1480 605 1495 604 1495 603 1495 570 1480 568 1480 567 1480 566 1480 527 1495 524 1495 510 1495 483 1493 469 1481 467 1481 466 1481 465 1481 463 1481 437 1495 435 1495 385 1495 385 1525"/></Shape>
	    <String CONTENT="siete cúpulas: seis de la talla de la Cúpula"
                    HPOS="384.0"
                    VPOS="1480.0"
                    WIDTH="1051.0"
                    HEIGHT="64.0"></String>
          </TextLine>
          <TextLine ID="line_19"
                    TAGREFS="LT8"
                    BASELINE="386 1598 1436 1598" 
                    HPOS="386.0"
                    VPOS="1553.0"
                    WIDTH="1050.0"
                    HEIGHT="60.0">
            <Shape><Polygon POINTS="386 1598 386 1605 980 1613 981 1613 983 1613 1008 1606 1009 1606 1020 1613 1021 1613 1023 1613 1024 1613 1436 1606 1436 1598 1436 1568 1405 1553 1404 1553 1403 1553 1401 1553 1368 1562 1346 1553 1344 1553 1343 1553 1342 1553 1304 1569 1247 1569 1223 1553 1222 1553 1221 1553 1219 1553 1218 1553 1217 1553 1202 1565 1141 1568 1140 1568 1130 1568 911 1568 883 1553 882 1553 839 1553 838 1553 837 1553 835 1553 817 1568 787 1553 786 1553 762 1553 761 1553 760 1553 758 1553 740 1568 738 1568 716 1568 705 1568 678 1553 677 1553 676 1553 674 1553 641 1564 624 1553 623 1553 621 1553 576 1553 575 1553 574 1553 572 1553 555 1568 527 1568 507 1553 506 1553 504 1553 473 1553 471 1553 470 1553 469 1553 450 1566 449 1568 446 1566 405 1553 403 1553 402 1553 401 1553 399 1553 386 1562 386 1598"/></Shape>
	    <String CONTENT="de San Pedro de Roma, que sostienen la"
                    HPOS="386.0"
                    VPOS="1553.0"
                    WIDTH="1050.0"
                    HEIGHT="60.0"></String>
          </TextLine>
          <TextLine ID="line_20"
                    TAGREFS="LT8"
                    BASELINE="386 1666 1431 1669" 
                    HPOS="385.0"
                    VPOS="1625.0"
                    WIDTH="1046.0"
                    HEIGHT="59.0">
            <Shape><Polygon POINTS="386 1666 385 1673 423 1683 425 1683 426 1683 576 1680 578 1680 579 1680 587 1674 589 1674 636 1682 637 1682 639 1682 663 1674 665 1674 692 1674 912 1682 914 1682 1106 1676 1144 1675 1146 1676 1156 1683 1157 1683 1158 1683 1159 1683 1235 1676 1254 1675 1267 1676 1320 1684 1322 1684 1429 1676 1431 1669 1429 1639 1182 1631 1181 1631 1109 1638 1101 1638 1098 1638 1053 1626 1052 1626 1021 1626 1020 1626 1019 1626 996 1638 995 1638 991 1638 934 1626 932 1626 931 1626 900 1637 863 1625 862 1625 789 1625 787 1625 786 1625 785 1625 769 1637 769 1638 661 1638 660 1637 643 1625 641 1625 640 1625 612 1625 611 1625 609 1625 608 1625 593 1637 592 1637 527 1637 504 1637 486 1625 484 1625 483 1625 482 1625 481 1625 479 1625 466 1633 433 1625 431 1625 430 1625 429 1625 427 1625 413 1637 386 1637 386 1666"/></Shape>
	    <String CONTENT="séptima de un diámetro dos veces mayor."
                    HPOS="385.0"
                    VPOS="1625.0"
                    WIDTH="1046.0"
                    HEIGHT="59.0"></String>
          </TextLine>
          <TextLine ID="line_21"
                    TAGREFS="LT8"
                    BASELINE="387 1739 1435 1736" 
                    HPOS="386.0"
                    VPOS="1692.0"
                    WIDTH="1049.0"
                    HEIGHT="56.0">
            <Shape><Polygon POINTS="387 1739 387 1748 1433 1748 1435 1736 1432 1696 1409 1692 1408 1692 1407 1692 1405 1692 1401 1696 1388 1707 1363 1696 1357 1694 1356 1694 1355 1694 1353 1694 1352 1694 1349 1696 1338 1706 1243 1707 1229 1696 1225 1692 1223 1692 1222 1692 1221 1692 1219 1692 1207 1696 1173 1706 1150 1696 1142 1692 1141 1692 1080 1692 1078 1692 1077 1692 1070 1696 1048 1707 1023 1696 1015 1692 1013 1692 1012 1692 1011 1692 1003 1696 983 1707 928 1707 910 1696 907 1694 906 1694 904 1694 880 1694 879 1694 878 1694 876 1694 875 1696 858 1710 701 1710 628 1696 613 1694 612 1694 599 1696 535 1708 518 1696 515 1694 514 1694 512 1694 488 1694 487 1694 486 1694 484 1694 482 1696 465 1708 446 1696 443 1694 442 1694 441 1694 439 1694 386 1695 387 1739"/></Shape>
	    <String CONTENT="En la interseccion de esta Cúpula central"
                    HPOS="386.0"
                    VPOS="1692.0"
                    WIDTH="1049.0"
                    HEIGHT="56.0"></String>
          </TextLine>
          <TextLine ID="line_22"
                    TAGREFS="LT8"
                    BASELINE="385 1807 1435 1809" 
                    HPOS="384.0"
                    VPOS="1765.0"
                    WIDTH="1051.0"
                    HEIGHT="52.0">
            <Shape><Polygon POINTS="385 1807 384 1815 1432 1817 1435 1809 1435 1780 1409 1767 1408 1767 1407 1767 1336 1776 1299 1767 1298 1767 1296 1767 1219 1779 1219 1780 975 1780 955 1779 887 1776 871 1765 870 1765 868 1765 841 1765 839 1765 838 1765 837 1765 821 1779 811 1779 733 1779 733 1777 716 1765 714 1765 713 1765 690 1765 689 1765 688 1765 686 1765 672 1776 583 1765 581 1765 580 1765 579 1765 564 1777 563 1779 536 1779 535 1777 518 1765 516 1765 515 1765 487 1765 486 1765 484 1765 483 1765 469 1777 385 1777 385 1807"/></Shape>
	    <String CONTENT="con las demás, se elevan cinco minaretes de"
                    HPOS="384.0"
                    VPOS="1765.0"
                    WIDTH="1051.0"
                    HEIGHT="52.0"></String>
          </TextLine>
          <TextLine ID="line_23"
                    TAGREFS="LT8"
                    BASELINE="387 1878 1435 1878" 
                    HPOS="387.0"
                    VPOS="1838.0"
                    WIDTH="1048.0"
                    HEIGHT="60.0">
            <Shape><Polygon POINTS="387 1878 387 1888 405 1896 406 1896 407 1896 627 1890 668 1898 669 1898 734 1890 750 1896 752 1896 753 1896 754 1896 756 1896 764 1889 801 1898 802 1898 803 1898 858 1892 946 1898 947 1898 948 1898 950 1898 963 1889 1056 1896 1057 1896 1205 1889 1217 1898 1218 1898 1219 1898 1221 1898 1307 1889 1417 1896 1419 1896 1420 1896 1435 1888 1435 1878 1435 1852 1407 1838 1405 1838 1404 1838 1352 1845 1331 1838 1330 1838 1328 1838 1327 1838 1326 1838 1308 1852 1299 1845 1298 1845 1296 1845 1295 1845 1142 1848 1117 1838 1116 1838 1114 1838 1044 1850 984 1845 983 1845 935 1852 895 1844 894 1844 859 1850 815 1838 814 1838 765 1838 764 1838 762 1838 738 1850 655 1852 647 1845 645 1845 644 1845 530 1838 528 1838 527 1838 526 1838 508 1852 467 1845 466 1845 387 1852 387 1878"/></Shape>
	    <String CONTENT="una altura prodigiosa, mientras que todo"
                    HPOS="387.0"
                    VPOS="1838.0"
                    WIDTH="1048.0"
                    HEIGHT="60.0"></String>
          </TextLine>
          <TextLine ID="line_24"
                    TAGREFS="LT8"
                    BASELINE="387 1953 1432 1947" 
                    HPOS="386.0"
                    VPOS="1905.0"
                    WIDTH="1046.0"
                    HEIGHT="64.0">
            <Shape><Polygon POINTS="387 1953 387 1962 528 1969 530 1969 597 1962 607 1962 612 1962 647 1969 648 1969 678 1962 688 1961 726 1962 827 1967 829 1967 830 1967 846 1962 853 1961 1429 1961 1432 1947 1429 1919 1395 1918 1376 1905 1375 1905 1373 1905 1372 1905 1371 1905 1369 1905 1353 1918 1181 1918 1150 1906 1149 1906 1148 1906 1146 1906 1145 1906 1133 1917 1090 1921 1059 1921 1041 1906 1040 1906 1039 1906 1037 1906 981 1917 968 1906 967 1906 965 1906 943 1906 942 1906 940 1906 939 1906 922 1919 907 1908 906 1908 904 1908 879 1908 878 1908 876 1908 875 1908 859 1921 823 1908 822 1908 799 1908 798 1908 797 1908 795 1908 779 1921 750 1908 749 1908 724 1908 722 1908 721 1908 720 1908 701 1921 661 1921 643 1909 641 1909 640 1909 639 1909 535 1919 519 1909 518 1909 516 1909 486 1909 484 1909 483 1909 482 1909 465 1922 405 1917 403 1917 402 1917 386 1922 387 1953"/></Shape>
	    <String CONTENT="en derredor de la fachada exterior, entre"
                    HPOS="386.0"
                    VPOS="1905.0"
                    WIDTH="1046.0"
                    HEIGHT="64.0"></String>
          </TextLine>
        </TextBlock>
        <TextBlock HPOS="808.0"
                   VPOS="2205.0"
                   WIDTH="425.0"
                   HEIGHT="151.0"
                   ID="eSc_textblock_2200c9a5"
                   TAGREFS="BT27">
          <Shape><Polygon POINTS="808 2356 808 2205 1233 2205 1233 2356"/></Shape>
          <TextLine ID="eSc_line_00d78d87"
                    TAGREFS="LT8"
                    BASELINE="836 2325 1203 2325" 
                    HPOS="835.0"
                    VPOS="2262.0"
                    WIDTH="366.0"
                    HEIGHT="70.0">
            <Shape><Polygon POINTS="835 2324 835 2332 1201 2332 1201 2324 1201 2280 1169 2262 1167 2262 1165 2262 1163 2262 1072 2278 988 2262 986 2262 984 2262 982 2262 982 2264 962 2284 835 2284 835 2324"/></Shape>
	    <String CONTENT="Digitized by Google"
                    HPOS="835.0"
                    VPOS="2262.0"
                    WIDTH="366.0"
                    HEIGHT="70.0"></String>
          </TextLine>
        </TextBlock>
      </PrintSpace>
    </Page>
  </Layout>
</alto>
