1745 2392
660.0 283.0 328.0 34.0 HISTORIA VEROSIMIL

1258.0 277.0 36.0 47.0 77

297.0 411.0 1047.0 60.0 mayor parte, estaban redactados en cinco ó

296.0 479.0 1048.0 53.0 seis idiomas; el Diario Oficial era el único

299.0 550.0 1048.0 62.0 que se publicaba en todos los idiomas de

299.0 624.0 1048.0 61.0 uso más general. Enrique vió con sorpresa

300.0 696.0 1048.0 58.0 que su nombramiento para la prefectura de

299.0 761.0 1047.0 64.0 los Andes del Norte se sabía ya y la dis¬

296.0 831.0 1051.0 64.0 cutian los periódicos. Todos, hasta los de

299.0 904.0 1048.0 63.0 la oposicion–hoy la oposicion es de buena

299.0 972.0 1047.0 63.0 fé–felicitaban al Ministro por la eleccion.

358.0 1047.0 989.0 62.0 La sorpresa de nuestro jóven Prefecto

297.0 1117.0 1047.0 61.0 hubiera cesado si hubiese podido ver el in¬

300.0 1197.0 1047.0 57.0 genioso mecanismo que compone, imprime

316.0 1259.0 1031.0 60.0 y encuaderna los periódicos de ahora. El

299.0 1331.0 1048.0 61.0 cajista, sentado delante de su máquina, que

297.0 1403.0 1043.0 61.0 se parece mucho á los pianos de otro tiempo,

297.0 1472.0 1051.0 60.0 recorre con sus ágiles dedos las teclas, al

297.0 1545.0 1050.0 57.0 leer su manuscrito, y los caracteres, coloca¬

299.0 1610.0 1047.0 61.0 dos en las casillas correspondientes á las te¬

300.0 1687.0 1047.0 56.0 clas, se colocan en órden por sí mismos en

301.0 1756.0 1047.0 59.0 la forma en lineas y en columnas. Un

301.0 1823.0 1042.0 68.0 buen tipógrafo puede dejar listo un perió¬

301.0 1896.0 833.0 60.0 dico de gran tamaño en una hora.

829.0 2262.0 365.0 78.0 Digitized by Google
