<?xml version="1.0" encoding="UTF-8"?>
<alto xmlns:xsi="http://www.w3.org/2001/XMLSchema-instance"
      xmlns="http://www.loc.gov/standards/alto/ns-v4#"
      xsi:schemaLocation="http://www.loc.gov/standards/alto/ns-v4# http://www.loc.gov/standards/alto/v4/alto-4-2.xsd">
  <Description>
    <MeasurementUnit>pixel</MeasurementUnit>
    <sourceImageInformation>
      <fileName>29432280.png</fileName>
    </sourceImageInformation>
  </Description>
  <Tags>
    <OtherTag ID="BT7" LABEL="CustomZone" DESCRIPTION="block type CustomZone"/><OtherTag ID="BT8" LABEL="DamageZone" DESCRIPTION="block type DamageZone"/><OtherTag ID="BT9" LABEL="DigitizationArtefactZone" DESCRIPTION="block type DigitizationArtefactZone"/><OtherTag ID="BT10" LABEL="DropCapitalZone" DESCRIPTION="block type DropCapitalZone"/><OtherTag ID="BT11" LABEL="GraphicZone" DESCRIPTION="block type GraphicZone"/><OtherTag ID="BT12" LABEL="MainZone" DESCRIPTION="block type MainZone"/><OtherTag ID="BT13" LABEL="MarginTextZone" DESCRIPTION="block type MarginTextZone"/><OtherTag ID="BT14" LABEL="MusicZone" DESCRIPTION="block type MusicZone"/><OtherTag ID="BT15" LABEL="NumberingZone" DESCRIPTION="block type NumberingZone"/><OtherTag ID="BT17" LABEL="QuireMarksZone" DESCRIPTION="block type QuireMarksZone"/><OtherTag ID="BT18" LABEL="RunningTitleZone" DESCRIPTION="block type RunningTitleZone"/><OtherTag ID="BT19" LABEL="SealZone" DESCRIPTION="block type SealZone"/><OtherTag ID="BT20" LABEL="StampZone" DESCRIPTION="block type StampZone"/><OtherTag ID="BT21" LABEL="TableZone" DESCRIPTION="block type TableZone"/><OtherTag ID="BT22" LABEL="TitlePageZone" DESCRIPTION="block type TitlePageZone"/><OtherTag ID="BT28" LABEL="CustomZone:Numbering" DESCRIPTION="block type CustomZone:Numbering"/><OtherTag ID="BT29" LABEL="NumberingZone:page" DESCRIPTION="block type NumberingZone:page"/><OtherTag ID="BT30" LABEL="NumberingZone:folio" DESCRIPTION="block type NumberingZone:folio"/>
    <OtherTag ID="LT7" LABEL="CustomLine" DESCRIPTION="line type CustomLine"/><OtherTag ID="LT8" LABEL="DefaultLine" DESCRIPTION="line type DefaultLine"/><OtherTag ID="LT9" LABEL="DropCapitalLine" DESCRIPTION="line type DropCapitalLine"/><OtherTag ID="LT10" LABEL="HeadingLine" DESCRIPTION="line type HeadingLine"/><OtherTag ID="LT11" LABEL="InterlinearLine" DESCRIPTION="line type InterlinearLine"/><OtherTag ID="LT12" LABEL="MusicLine" DESCRIPTION="line type MusicLine"/>
  </Tags>
  <Layout>
    <Page WIDTH="1753"
          HEIGHT="2397"
          PHYSICAL_IMG_NR="35"
          ID="eSc_dummypage_">
      <PrintSpace HPOS="0"
                  VPOS="0"
                  WIDTH="1753"
                  HEIGHT="2397">
        <TextBlock HPOS="437.0"
                   VPOS="306.0"
                   WIDTH="66.0"
                   HEIGHT="47.0"
                   ID="block_0"
                   TAGREFS="BT29">
          <Shape><Polygon POINTS="503 306 503 353 437 353 437 306"/></Shape>
          <TextLine ID="line_0"
                    TAGREFS="LT8"
                    BASELINE="442 343 498 346" 
                    HPOS="440.0"
                    VPOS="314.0"
                    WIDTH="58.0"
                    HEIGHT="45.0">
            <Shape><Polygon POINTS="442 343 440 348 471 359 472 359 474 359 475 359 496 351 498 346 498 316 442 314 442 343"/></Shape>
	    <String CONTENT="36"
                    HPOS="440.0"
                    VPOS="314.0"
                    WIDTH="58.0"
                    HEIGHT="45.0"></String>
          </TextLine>
        </TextBlock>
        <TextBlock HPOS="688.0"
                   VPOS="305.0"
                   WIDTH="487.0"
                   HEIGHT="46.0"
                   ID="block_1"
                   TAGREFS="BT18">
          <Shape><Polygon POINTS="1175 305 1175 351 688 351 688 305"/></Shape>
          <TextLine ID="line_1"
                    TAGREFS="LT8"
                    BASELINE="698 338 1165 335" 
                    HPOS="696.0"
                    VPOS="307.0"
                    WIDTH="469.0"
                    HEIGHT="40.0">
            <Shape><Polygon POINTS="698 347 1165 344 1165 335 1162 314 1057 307 1056 307 696 315 698 338"/></Shape>
	    <String CONTENT="BUENOS AIRES EN EL AÑO 2080"
                    HPOS="696.0"
                    VPOS="307.0"
                    WIDTH="469.0"
                    HEIGHT="40.0"></String>
          </TextLine>
        </TextBlock>
        <TextBlock HPOS="393.0"
                   VPOS="430.0"
                   WIDTH="1074.0"
                   HEIGHT="1557.0"
                   ID="block_2"
                   TAGREFS="BT12">
          <Shape><Polygon POINTS="1467 430 1467 1987 393 1987 393 430"/></Shape>
          <TextLine ID="line_2"
                    TAGREFS="LT8"
                    BASELINE="403 483 1450 480" 
                    HPOS="402.0"
                    VPOS="442.0"
                    WIDTH="1048.0"
                    HEIGHT="61.0">
            <Shape><Polygon POINTS="403 483 403 492 598 499 599 499 655 492 658 492 659 492 667 499 668 499 670 499 671 499 672 499 687 494 703 502 704 502 705 503 753 503 753 502 911 500 947 491 951 491 953 491 973 499 975 499 976 500 1080 500 1080 499 1081 499 1082 499 1092 491 1093 491 1120 499 1121 499 1122 500 1189 500 1189 499 1190 499 1192 499 1204 491 1206 491 1258 498 1260 498 1261 498 1276 491 1284 498 1285 498 1286 498 1378 500 1380 500 1449 490 1450 480 1447 455 1328 455 1309 442 1308 442 1306 442 1276 442 1274 442 1273 442 1272 442 1258 452 1197 454 1160 442 1158 442 1157 442 1156 442 1130 454 968 454 952 442 951 442 949 442 927 442 925 442 924 442 905 451 865 443 864 443 863 443 861 443 848 454 820 454 801 443 800 443 799 443 769 443 768 443 716 456 647 456 623 443 622 443 620 443 568 452 530 443 528 443 527 443 526 443 524 443 508 455 419 450 418 450 416 450 402 455 403 483"/></Shape>
	    <String CONTENT="con tanta regularidad como este se lo per¬"
                    HPOS="402.0"
                    VPOS="442.0"
                    WIDTH="1048.0"
                    HEIGHT="61.0"></String>
          </TextLine>
          <TextLine ID="line_3"
                    TAGREFS="LT8"
                    BASELINE="403 555 1455 552" 
                    HPOS="402.0"
                    VPOS="511.0"
                    WIDTH="1053.0"
                    HEIGHT="60.0">
            <Shape><Polygon POINTS="403 555 403 563 594 571 595 571 596 571 598 571 607 563 608 563 631 563 919 569 920 569 921 569 923 569 931 561 932 561 935 561 968 568 969 568 1114 561 1121 561 1129 568 1130 568 1132 568 1276 569 1277 569 1336 561 1345 568 1346 568 1348 568 1434 569 1435 569 1437 569 1455 560 1455 552 1454 527 1426 511 1425 511 1381 511 1380 511 1378 511 1338 526 1290 519 1289 519 1220 526 1190 511 1189 511 1188 511 1186 511 1185 511 1172 522 1124 527 1016 527 995 511 993 511 992 511 965 511 964 511 963 511 961 511 944 526 904 512 903 512 901 512 900 512 863 522 825 512 824 512 823 512 821 512 820 512 797 527 777 512 776 512 775 512 748 512 747 512 745 512 744 512 732 523 675 527 655 512 654 512 652 512 620 512 619 512 618 512 616 512 598 527 571 520 570 520 568 520 508 526 482 512 480 512 479 512 478 512 452 524 411 522 410 522 408 522 407 522 402 524 403 555"/></Shape>
	    <String CONTENT="mitiera, de cada lado de su antigua calle"
                    HPOS="402.0"
                    VPOS="511.0"
                    WIDTH="1053.0"
                    HEIGHT="60.0"></String>
          </TextLine>
          <TextLine ID="line_4"
                    TAGREFS="LT8"
                    BASELINE="404 627 1455 621" 
                    HPOS="403.0"
                    VPOS="579.0"
                    WIDTH="1052.0"
                    HEIGHT="62.0">
            <Shape><Polygon POINTS="404 627 404 635 682 635 751 641 752 641 753 641 755 641 764 635 853 635 927 641 928 641 1244 632 1438 639 1439 639 1441 639 1442 639 1455 631 1455 621 1454 595 1421 579 1419 579 1401 579 1400 579 1398 579 1397 579 1377 595 1238 595 1208 579 1206 579 1205 579 1204 579 1202 579 1185 592 1150 595 1138 596 1062 596 1061 595 1032 580 1031 580 1029 580 1028 580 1008 591 925 595 877 597 729 597 725 595 720 589 719 589 717 589 716 589 663 595 654 595 651 595 635 583 634 583 632 583 631 583 576 593 547 583 546 583 474 583 472 583 471 583 470 583 459 591 415 583 414 583 412 583 411 583 411 584 403 589 404 627"/></Shape>
	    <String CONTENT="de Rivadavia; en conjunto cuenta cerca de"
                    HPOS="403.0"
                    VPOS="579.0"
                    WIDTH="1052.0"
                    HEIGHT="62.0"></String>
          </TextLine>
          <TextLine ID="line_5"
                    TAGREFS="LT8"
                    BASELINE="403 696 1451 691" 
                    HPOS="402.0"
                    VPOS="652.0"
                    WIDTH="1049.0"
                    HEIGHT="61.0">
            <Shape><Polygon POINTS="403 696 403 705 682 713 683 713 684 713 686 713 698 704 699 704 787 704 788 704 807 712 808 712 809 712 845 707 916 713 917 713 1013 709 1015 709 1016 709 1024 703 1025 703 1070 712 1072 712 1173 711 1174 711 1176 711 1189 701 1200 709 1201 709 1202 709 1204 711 1249 711 1249 709 1250 709 1252 709 1262 701 1277 709 1278 709 1280 711 1421 711 1421 709 1422 709 1451 700 1451 691 1449 665 1394 663 1382 652 1381 652 1380 652 1378 652 1321 665 1080 665 1066 653 1065 653 1064 653 1037 653 1036 653 1035 653 1033 653 1019 665 1017 665 924 668 844 668 840 665 825 655 824 655 823 655 791 655 789 655 788 655 787 655 775 665 771 668 650 668 642 665 610 656 608 656 607 656 554 665 547 665 539 665 503 661 502 661 500 661 499 661 495 665 491 668 487 665 475 656 474 656 472 656 410 656 408 656 407 656 406 656 406 657 402 660 403 696"/></Shape>
	    <String CONTENT="90 cuadras, es decir, que forma un cuadra¬"
                    HPOS="402.0"
                    VPOS="652.0"
                    WIDTH="1049.0"
                    HEIGHT="61.0"></String>
          </TextLine>
          <TextLine ID="line_6"
                    TAGREFS="LT8"
                    BASELINE="404 767 1451 761" 
                    HPOS="403.0"
                    VPOS="720.0"
                    WIDTH="1048.0"
                    HEIGHT="63.0">
            <Shape><Polygon POINTS="404 767 404 773 419 781 420 781 422 781 563 775 575 783 576 783 578 783 579 783 692 773 865 780 867 780 868 780 884 773 925 783 927 783 1066 781 1068 781 1069 781 1080 772 1101 780 1102 780 1104 780 1242 779 1244 779 1245 779 1256 771 1313 780 1314 780 1316 780 1349 771 1393 780 1394 780 1451 768 1451 761 1449 736 1325 736 1305 720 1304 720 1302 720 1278 720 1277 720 1276 720 1274 720 1256 735 1222 720 1221 720 1220 720 1180 721 1178 721 1150 736 1148 737 935 737 932 736 913 723 912 723 911 723 909 723 853 736 841 737 823 736 784 731 783 731 781 731 769 736 764 737 761 736 741 723 740 723 739 723 709 723 708 723 707 723 705 723 690 736 687 737 684 736 672 729 671 729 670 729 668 729 667 729 659 736 658 736 639 736 576 732 575 732 574 732 559 736 546 739 542 736 527 724 526 724 524 724 494 724 492 724 491 724 490 724 475 736 471 739 467 736 448 724 447 724 446 724 415 724 414 724 412 724 411 724 411 725 403 731 404 767"/></Shape>
	    <String CONTENT="do de cerca de una legua y media de cos¬"
                    HPOS="403.0"
                    VPOS="720.0"
                    WIDTH="1048.0"
                    HEIGHT="63.0"></String>
          </TextLine>
          <TextLine ID="line_7"
                    TAGREFS="LT8"
                    BASELINE="407 837 1454 833" 
                    HPOS="406.0"
                    VPOS="791.0"
                    WIDTH="1048.0"
                    HEIGHT="61.0">
            <Shape><Polygon POINTS="407 837 407 845 708 852 709 852 752 844 756 844 757 844 767 850 768 850 769 850 771 850 801 844 805 844 812 844 887 850 888 850 1061 844 1102 850 1104 850 1180 849 1181 849 1182 849 1190 842 1225 849 1226 850 1282 850 1282 849 1284 849 1285 849 1294 842 1439 849 1441 849 1442 849 1443 849 1454 841 1454 833 1451 806 1423 805 1402 791 1401 791 1400 791 1361 791 1360 791 1358 791 1321 805 1314 808 1304 805 1276 800 1274 800 1273 800 1262 805 1242 791 1241 791 1240 791 1218 791 1217 791 1216 791 1214 791 1196 805 1192 808 1173 805 1150 802 1136 791 1134 791 1133 791 1132 791 1130 791 1077 805 1061 809 901 805 880 805 853 792 852 792 851 792 849 792 848 792 827 805 823 808 819 805 801 792 800 792 799 792 776 792 775 792 773 792 772 792 757 805 749 812 728 812 717 805 700 793 699 793 698 793 696 793 658 801 648 793 647 793 646 793 599 793 598 793 596 793 595 793 580 805 572 812 518 812 507 805 491 793 490 793 488 793 487 793 447 802 419 793 418 793 416 793 415 793 414 793 414 795 406 800 407 837"/></Shape>
	    <String CONTENT="tado. Todo el terreno, entre las calles"
                    HPOS="406.0"
                    VPOS="791.0"
                    WIDTH="1048.0"
                    HEIGHT="61.0"></String>
          </TextLine>
          <TextLine ID="line_8"
                    TAGREFS="LT8"
                    BASELINE="408 909 1457 904" 
                    HPOS="407.0"
                    VPOS="858.0"
                    WIDTH="1050.0"
                    HEIGHT="68.0">
            <Shape><Polygon POINTS="408 909 408 917 615 917 616 917 699 926 700 926 701 926 703 926 716 916 717 916 769 916 773 916 863 926 864 926 907 918 1003 925 1004 925 1005 925 1035 914 1044 921 1045 921 1047 921 1048 921 1097 916 1109 925 1110 925 1112 925 1113 926 1153 926 1153 925 1154 925 1198 913 1200 913 1206 913 1325 920 1326 921 1445 921 1445 920 1446 920 1447 920 1457 912 1457 904 1454 876 1426 873 1409 858 1407 858 1406 858 1405 858 1403 858 1376 868 1365 858 1364 858 1362 858 1330 858 1329 858 1328 858 1326 858 1306 872 1273 858 1272 858 1270 858 1269 858 1237 873 1234 876 1172 877 948 877 939 872 923 861 921 861 920 861 883 861 881 861 880 861 879 861 867 870 861 876 831 877 796 876 789 870 777 861 776 861 775 861 773 861 721 869 668 878 652 872 651 872 650 872 586 876 572 868 564 862 563 862 562 862 560 862 535 868 510 874 492 868 478 862 476 862 475 862 407 866 408 909"/></Shape>
	    <String CONTENT="Rivadavia y Cangallo, y en que se hallaba"
                    HPOS="407.0"
                    VPOS="858.0"
                    WIDTH="1050.0"
                    HEIGHT="68.0"></String>
          </TextLine>
          <TextLine ID="line_9"
                    TAGREFS="LT8"
                    BASELINE="406 980 1455 976" 
                    HPOS="404.0"
                    VPOS="929.0"
                    WIDTH="1051.0"
                    HEIGHT="68.0">
            <Shape><Polygon POINTS="406 980 406 988 603 997 604 997 659 988 660 988 662 988 692 993 694 993 868 986 889 986 897 986 988 996 989 996 991 996 992 996 1004 986 1007 986 1102 992 1104 992 1200 985 1213 985 1225 985 1370 994 1372 994 1454 984 1455 976 1454 945 1418 929 1417 929 1415 929 1414 929 1368 944 1368 945 1264 945 1262 944 1242 929 1241 929 1240 929 1238 929 1237 929 1184 942 1178 944 1177 942 1157 929 1156 929 1154 929 1116 929 1114 929 1113 929 1112 929 1096 942 1090 946 1045 946 1040 941 1025 930 1024 930 1023 930 1021 930 1020 930 997 941 992 944 989 941 975 930 973 930 972 930 971 930 969 930 944 941 937 944 933 941 919 930 917 930 916 930 915 930 913 930 887 940 881 942 879 940 864 930 863 930 861 930 804 930 803 930 801 930 800 930 788 940 781 945 775 940 761 930 760 930 759 930 757 930 723 932 721 932 720 932 711 938 700 948 568 948 551 937 542 933 540 933 539 933 538 933 536 933 531 937 522 945 452 946 438 937 431 932 430 932 428 932 427 932 404 936 406 980"/></Shape>
	    <String CONTENT="la antigua calle Piedad, ha sido despejado"
                    HPOS="404.0"
                    VPOS="929.0"
                    WIDTH="1051.0"
                    HEIGHT="68.0"></String>
          </TextLine>
          <TextLine ID="line_10"
                    TAGREFS="LT8"
                    BASELINE="407 1049 1454 1046" 
                    HPOS="406.0"
                    VPOS="1004.0"
                    WIDTH="1048.0"
                    HEIGHT="63.0">
            <Shape><Polygon POINTS="407 1049 407 1067 490 1058 719 1058 769 1065 779 1066 780 1066 809 1065 956 1057 1451 1060 1454 1046 1451 1017 1357 1017 1340 1004 1338 1004 1337 1004 1336 1004 1280 1014 1250 1004 1249 1004 1181 1004 1180 1004 1178 1004 1177 1004 1165 1013 1125 1004 1124 1004 1122 1004 1121 1004 1108 1016 1049 1016 987 1004 985 1004 984 1004 952 1016 933 1004 932 1004 931 1004 929 1004 863 1018 763 1018 747 1005 745 1005 744 1005 743 1005 676 1017 584 1017 570 1005 568 1005 567 1005 543 1005 542 1005 540 1005 539 1005 523 1018 406 1018 407 1049"/></Shape>
	    <String CONTENT="para formar la grande Avenida Rivadavia,"
                    HPOS="406.0"
                    VPOS="1004.0"
                    WIDTH="1048.0"
                    HEIGHT="63.0"></String>
          </TextLine>
          <TextLine ID="line_11"
                    TAGREFS="LT8"
                    BASELINE="407 1118 1455 1118" 
                    HPOS="407.0"
                    VPOS="1077.0"
                    WIDTH="1048.0"
                    HEIGHT="57.0">
            <Shape><Polygon POINTS="407 1118 407 1127 419 1134 420 1134 422 1134 560 1127 872 1127 916 1134 917 1134 919 1134 948 1127 1070 1134 1072 1134 1455 1126 1455 1118 1455 1090 1360 1089 1341 1077 1340 1077 1338 1077 1337 1077 1290 1085 1262 1077 1261 1077 1260 1077 1258 1077 1236 1089 897 1089 835 1077 833 1077 832 1077 807 1090 757 1090 741 1077 740 1077 739 1077 648 1077 647 1077 646 1077 644 1077 628 1089 612 1077 611 1077 610 1077 579 1077 578 1077 576 1077 550 1089 488 1077 487 1077 486 1077 484 1077 468 1090 407 1090 407 1118"/></Shape>
	    <String CONTENT="ancha de 160 metros, en cuyos costados se"
                    HPOS="407.0"
                    VPOS="1077.0"
                    WIDTH="1048.0"
                    HEIGHT="57.0"></String>
          </TextLine>
          <TextLine ID="line_12"
                    TAGREFS="LT8"
                    BASELINE="407 1189 1455 1189" 
                    HPOS="407.0"
                    VPOS="1149.0"
                    WIDTH="1048.0"
                    HEIGHT="60.0">
            <Shape><Polygon POINTS="407 1189 407 1199 672 1199 705 1209 707 1209 708 1209 875 1201 921 1201 932 1209 933 1209 935 1209 936 1209 1121 1201 1186 1209 1188 1209 1189 1209 1190 1209 1202 1199 1455 1199 1455 1189 1455 1161 1224 1154 1222 1154 1148 1157 1064 1159 1054 1155 1040 1149 1039 1149 1037 1149 963 1154 896 1159 875 1154 859 1149 857 1149 856 1149 855 1149 839 1153 819 1158 793 1153 773 1149 772 1149 771 1149 763 1153 749 1159 584 1159 551 1150 547 1149 546 1149 544 1149 543 1149 539 1150 507 1159 407 1149 407 1189"/></Shape>
	    <String CONTENT="levantan corpulentos plátanos y sicomoros"
                    HPOS="407.0"
                    VPOS="1149.0"
                    WIDTH="1048.0"
                    HEIGHT="60.0"></String>
          </TextLine>
          <TextLine ID="line_13"
                    TAGREFS="LT8"
                    BASELINE="407 1262 1454 1257" 
                    HPOS="406.0"
                    VPOS="1218.0"
                    WIDTH="1048.0"
                    HEIGHT="61.0">
            <Shape><Polygon POINTS="407 1262 407 1273 452 1279 454 1279 455 1279 471 1273 476 1271 502 1273 563 1277 564 1277 688 1271 733 1270 761 1271 864 1277 865 1277 1032 1269 1056 1269 1057 1269 1065 1275 1066 1275 1068 1275 1069 1277 1213 1277 1213 1275 1214 1275 1230 1269 1232 1267 1240 1274 1241 1274 1242 1274 1244 1274 1245 1274 1260 1269 1269 1275 1270 1275 1272 1275 1273 1277 1361 1277 1361 1275 1362 1275 1384 1267 1397 1275 1398 1275 1400 1275 1401 1275 1453 1266 1454 1257 1451 1231 1150 1231 1125 1218 1124 1218 1096 1218 1094 1218 1093 1218 1092 1218 1078 1229 1020 1218 1019 1218 1017 1218 976 1231 877 1219 876 1219 875 1219 847 1233 748 1219 747 1219 745 1219 744 1219 728 1233 690 1225 688 1225 642 1231 528 1221 527 1221 526 1221 524 1221 508 1234 490 1225 488 1225 424 1225 423 1225 422 1225 420 1225 406 1233 407 1262"/></Shape>
	    <String CONTENT="que forman alamedas soberbias, cuyas ci¬"
                    HPOS="406.0"
                    VPOS="1218.0"
                    WIDTH="1048.0"
                    HEIGHT="61.0"></String>
          </TextLine>
          <TextLine ID="line_14"
                    TAGREFS="LT8"
                    BASELINE="406 1330 1457 1330" 
                    HPOS="406.0"
                    VPOS="1291.0"
                    WIDTH="1051.0"
                    HEIGHT="57.0">
            <Shape><Polygon POINTS="406 1330 406 1338 502 1347 503 1347 504 1347 535 1339 819 1347 820 1348 903 1348 903 1347 904 1347 919 1339 928 1346 929 1346 931 1346 932 1346 1457 1338 1457 1330 1457 1305 1392 1291 1390 1291 1389 1291 1357 1303 1334 1297 1333 1297 1332 1297 1250 1299 1238 1291 1237 1291 1236 1291 1202 1291 1201 1291 1200 1291 1198 1291 1182 1303 1124 1297 1122 1297 1092 1303 1084 1297 1082 1297 1081 1297 1080 1297 1035 1302 949 1291 948 1291 861 1303 686 1297 684 1297 683 1297 670 1303 568 1291 567 1291 566 1291 564 1291 548 1303 420 1297 419 1297 418 1297 406 1302 406 1330"/></Shape>
	    <String CONTENT="mas, al moverse, producen un fresco tan"
                    HPOS="406.0"
                    VPOS="1291.0"
                    WIDTH="1051.0"
                    HEIGHT="57.0"></String>
          </TextLine>
          <TextLine ID="line_15"
                    TAGREFS="LT8"
                    BASELINE="406 1399 1453 1402" 
                    HPOS="404.0"
                    VPOS="1355.0"
                    WIDTH="1049.0"
                    HEIGHT="63.0">
            <Shape><Polygon POINTS="406 1399 404 1408 415 1416 416 1416 418 1416 419 1418 638 1418 638 1416 639 1416 640 1416 650 1408 674 1415 675 1415 676 1415 725 1408 729 1408 732 1408 751 1415 752 1415 753 1415 805 1410 817 1408 843 1410 943 1416 944 1416 973 1411 981 1410 988 1411 1005 1416 1007 1416 1008 1418 1186 1418 1186 1416 1188 1416 1200 1414 1214 1410 1450 1415 1453 1402 1451 1372 1434 1372 1434 1371 1413 1356 1411 1356 1410 1356 1377 1356 1376 1356 1374 1356 1348 1371 1328 1371 1310 1356 1309 1356 1308 1356 1240 1356 1238 1356 1237 1356 1236 1356 1218 1370 1209 1364 1208 1364 1206 1364 1146 1371 1141 1371 1136 1371 1044 1356 1043 1356 1041 1356 1040 1356 1021 1371 1020 1372 956 1372 953 1371 931 1355 929 1355 928 1355 927 1355 925 1355 876 1368 848 1356 847 1356 845 1356 844 1356 843 1356 821 1370 747 1355 745 1355 744 1355 743 1355 724 1370 723 1371 644 1371 643 1370 624 1355 623 1355 622 1355 572 1355 571 1355 570 1355 568 1355 558 1363 530 1355 528 1355 527 1355 526 1355 524 1355 507 1370 406 1370 406 1399"/></Shape>
	    <String CONTENT="agradable en las tardes calurosas del estío,"
                    HPOS="404.0"
                    VPOS="1355.0"
                    WIDTH="1049.0"
                    HEIGHT="63.0"></String>
          </TextLine>
          <TextLine ID="line_16"
                    TAGREFS="LT8"
                    BASELINE="407 1472 1455 1470" 
                    HPOS="406.0"
                    VPOS="1430.0"
                    WIDTH="1049.0"
                    HEIGHT="57.0">
            <Shape><Polygon POINTS="407 1484 487 1487 488 1487 503 1484 527 1479 616 1483 668 1486 670 1486 686 1483 705 1479 731 1483 755 1486 756 1486 777 1482 795 1479 800 1482 811 1487 812 1487 813 1487 883 1482 913 1479 919 1480 928 1486 929 1486 931 1486 956 1480 971 1478 976 1480 981 1484 983 1484 984 1484 985 1486 1100 1486 1100 1484 1124 1479 1132 1478 1133 1479 1140 1484 1141 1484 1142 1484 1316 1487 1317 1487 1365 1478 1368 1478 1369 1478 1417 1487 1418 1487 1419 1487 1455 1476 1455 1470 1453 1444 1429 1444 1409 1430 1407 1430 1406 1430 1377 1430 1376 1430 1374 1430 1373 1430 1354 1444 1196 1444 1181 1436 1180 1436 1178 1436 1104 1443 1085 1430 1084 1430 1082 1430 1025 1430 1024 1430 1023 1430 1021 1430 1011 1438 931 1436 929 1436 928 1436 927 1436 913 1444 860 1431 859 1431 857 1431 764 1444 745 1431 744 1431 743 1431 709 1431 708 1431 707 1431 672 1444 663 1436 662 1436 660 1436 659 1436 591 1442 526 1431 524 1431 523 1431 522 1431 506 1444 490 1436 488 1436 424 1436 423 1436 422 1436 406 1444 407 1472"/></Shape>
	    <String CONTENT="que hacen de esta avenida un paseo de¬"
                    HPOS="406.0"
                    VPOS="1430.0"
                    WIDTH="1049.0"
                    HEIGHT="57.0"></String>
          </TextLine>
          <TextLine ID="line_18"
                    TAGREFS="LT8"
                    BASELINE="406 1543 1455 1540" 
                    HPOS="404.0"
                    VPOS="1496.0"
                    WIDTH="1051.0"
                    HEIGHT="62.0">
            <Shape><Polygon POINTS="406 1543 406 1558 1454 1548 1455 1540 1453 1514 1385 1507 1384 1507 1340 1511 1320 1514 1316 1511 1296 1496 1294 1496 1293 1496 1273 1496 1272 1496 1270 1496 1269 1496 1252 1511 1250 1511 1248 1511 1230 1496 1229 1496 1228 1496 1206 1496 1205 1496 1204 1496 1202 1496 1186 1508 1154 1496 1153 1496 1152 1496 1150 1496 1149 1496 1134 1508 1120 1508 1037 1514 1028 1507 1013 1496 1012 1496 1011 1496 964 1496 963 1496 961 1496 937 1507 925 1511 860 1507 859 1507 857 1507 856 1507 844 1516 819 1516 799 1504 784 1498 783 1498 781 1498 780 1498 760 1504 725 1516 709 1516 691 1503 683 1498 682 1498 680 1498 630 1498 628 1498 627 1498 626 1498 620 1503 603 1516 564 1516 551 1506 550 1506 548 1506 547 1506 486 1512 455 1500 448 1498 447 1498 446 1498 404 1499 406 1543"/></Shape>
	    <String CONTENT="licioso. En esta avenida central, la mas"
                    HPOS="404.0"
                    VPOS="1496.0"
                    WIDTH="1051.0"
                    HEIGHT="62.0"></String>
          </TextLine>
          <TextLine ID="line_19"
                    TAGREFS="LT8"
                    BASELINE="406 1613 1454 1608" 
                    HPOS="404.0"
                    VPOS="1567.0"
                    WIDTH="1050.0"
                    HEIGHT="57.0">
            <Shape><Polygon POINTS="406 1613 406 1624 1453 1619 1454 1608 1451 1582 1410 1579 1396 1567 1394 1567 1393 1567 1392 1567 1390 1567 1389 1567 1370 1580 1368 1580 1293 1567 1292 1567 1290 1567 1265 1579 1262 1582 1181 1583 1102 1583 1094 1578 1081 1568 1080 1568 1078 1568 1041 1568 1040 1568 1039 1568 1037 1568 1024 1578 1023 1579 1020 1578 1009 1568 1008 1568 1007 1568 984 1568 983 1568 981 1568 980 1568 969 1576 964 1582 921 1584 891 1584 877 1576 868 1570 867 1570 865 1570 864 1570 831 1575 801 1580 698 1574 636 1571 635 1571 634 1571 632 1571 630 1574 615 1584 600 1578 599 1578 598 1578 538 1584 528 1578 527 1578 526 1578 524 1578 448 1580 436 1572 436 1571 435 1571 434 1571 432 1571 404 1571 406 1613"/></Shape>
	    <String CONTENT="hermosa del mundo, se hallan reunidos to¬"
                    HPOS="404.0"
                    VPOS="1567.0"
                    WIDTH="1050.0"
                    HEIGHT="57.0"></String>
          </TextLine>
          <TextLine ID="line_20"
                    TAGREFS="LT8"
                    BASELINE="407 1683 1454 1685" 
                    HPOS="406.0"
                    VPOS="1637.0"
                    WIDTH="1048.0"
                    HEIGHT="63.0">
            <Shape><Polygon POINTS="407 1683 406 1691 419 1699 420 1699 422 1699 423 1700 486 1700 486 1699 487 1699 488 1699 498 1692 528 1699 530 1699 591 1692 618 1699 619 1699 620 1699 687 1692 787 1699 788 1699 823 1692 831 1699 832 1699 833 1699 985 1700 987 1700 1052 1693 1117 1700 1118 1700 1153 1693 1453 1693 1454 1685 1453 1645 1384 1639 1382 1639 1381 1639 1380 1639 1372 1645 1358 1656 1288 1656 1273 1645 1264 1639 1262 1639 1261 1639 1260 1639 1258 1639 1234 1645 1230 1647 1229 1645 1221 1639 1220 1639 1218 1639 1174 1639 1173 1639 1172 1639 1170 1639 1161 1647 1158 1648 1153 1647 1130 1639 1129 1639 1128 1639 1126 1639 1125 1639 1116 1647 1104 1656 1003 1656 989 1647 977 1639 976 1639 975 1639 899 1637 897 1637 896 1637 895 1637 881 1648 875 1653 562 1653 551 1649 524 1637 523 1637 522 1637 520 1637 519 1637 504 1649 498 1655 467 1655 456 1649 426 1637 424 1637 423 1637 422 1637 420 1637 407 1645 407 1683"/></Shape>
	    <String CONTENT="dos los servicios públicos: el Palacio del"
                    HPOS="406.0"
                    VPOS="1637.0"
                    WIDTH="1048.0"
                    HEIGHT="63.0"></String>
          </TextLine>
          <TextLine ID="line_21"
                    TAGREFS="LT8"
                    BASELINE="407 1756 1454 1756" 
                    HPOS="407.0"
                    VPOS="1709.0"
                    WIDTH="1047.0"
                    HEIGHT="66.0">
            <Shape><Polygon POINTS="407 1756 407 1764 610 1765 631 1773 632 1773 634 1773 635 1773 656 1765 659 1765 1009 1765 1024 1767 1065 1773 1066 1775 1101 1775 1101 1773 1102 1773 1104 1773 1110 1768 1114 1765 1248 1765 1265 1768 1297 1773 1298 1773 1337 1768 1361 1765 1451 1768 1454 1756 1453 1725 1273 1725 1272 1724 1252 1709 1250 1709 1249 1709 1248 1709 1205 1717 1196 1709 1194 1709 1193 1709 1192 1709 1190 1709 1164 1716 1136 1709 1134 1709 1133 1709 1132 1709 1130 1709 1112 1724 1110 1724 1013 1724 1001 1724 981 1709 980 1709 979 1709 977 1709 976 1709 948 1723 947 1724 931 1723 916 1723 900 1709 899 1709 897 1709 831 1709 829 1709 828 1709 827 1709 809 1723 808 1724 788 1724 785 1723 761 1709 760 1709 743 1709 741 1709 740 1709 739 1709 723 1723 721 1724 720 1723 700 1709 699 1709 698 1709 679 1709 678 1709 676 1709 675 1709 658 1723 655 1725 528 1725 523 1723 499 1709 498 1709 496 1709 495 1709 467 1719 456 1709 455 1709 454 1709 422 1709 420 1709 419 1709 418 1709 407 1717 407 1756"/></Shape>
	    <String CONTENT="Gobierno, de los Ministros y del Congreso;"
                    HPOS="407.0"
                    VPOS="1709.0"
                    WIDTH="1047.0"
                    HEIGHT="66.0"></String>
          </TextLine>
          <TextLine ID="line_22"
                    TAGREFS="LT8"
                    BASELINE="406 1827 1457 1824" 
                    HPOS="404.0"
                    VPOS="1780.0"
                    WIDTH="1053.0"
                    HEIGHT="56.0">
            <Shape><Polygon POINTS="406 1827 406 1836 1455 1833 1457 1824 1455 1795 1415 1780 1414 1780 1413 1780 1411 1780 1385 1795 1352 1795 1332 1780 1330 1780 1329 1780 1328 1780 1326 1780 1294 1793 1241 1780 1240 1780 1238 1780 1237 1780 1236 1780 1220 1793 1129 1793 1070 1780 1069 1780 1068 1780 1036 1793 1017 1780 1016 1780 1015 1780 995 1780 993 1780 992 1780 991 1780 973 1793 916 1796 832 1796 815 1781 813 1781 812 1781 789 1781 788 1781 787 1781 785 1781 768 1793 727 1781 725 1781 724 1781 723 1781 696 1795 678 1781 676 1781 675 1781 651 1781 650 1781 648 1781 620 1793 586 1781 584 1781 583 1781 582 1781 580 1781 567 1792 502 1795 482 1781 480 1781 479 1781 427 1781 426 1781 424 1781 423 1781 404 1793 406 1827"/></Shape>
	    <String CONTENT="á la entrada de la avenida, haciendo frente"
                    HPOS="404.0"
                    VPOS="1780.0"
                    WIDTH="1053.0"
                    HEIGHT="56.0"></String>
          </TextLine>
          <TextLine ID="line_23"
                    TAGREFS="LT8"
                    BASELINE="407 1897 1457 1894" 
                    HPOS="406.0"
                    VPOS="1848.0"
                    WIDTH="1051.0"
                    HEIGHT="62.0">
            <Shape><Polygon POINTS="407 1897 407 1905 1439 1910 1441 1910 1442 1910 1457 1902 1457 1894 1454 1865 1377 1865 1354 1848 1353 1848 1352 1848 1350 1848 1349 1848 1325 1859 1312 1848 1310 1848 1309 1848 1274 1848 1273 1848 1272 1848 1270 1848 1249 1864 1214 1864 1198 1851 1197 1851 1196 1851 1194 1851 1193 1851 1192 1851 1177 1863 1134 1864 1104 1851 1102 1851 1101 1851 1100 1851 1098 1851 1085 1863 1007 1864 969 1848 968 1848 967 1848 965 1848 927 1866 869 1866 840 1852 839 1852 837 1852 836 1852 817 1863 801 1849 800 1849 799 1849 713 1849 712 1849 711 1849 709 1849 698 1859 672 1849 671 1849 670 1849 668 1849 667 1849 646 1866 592 1866 568 1849 567 1849 566 1849 510 1849 508 1849 507 1849 506 1849 490 1863 471 1849 470 1849 468 1849 431 1849 430 1849 428 1849 427 1849 406 1864 407 1897"/></Shape>
	    <String CONTENT="á la Plaza del Plata, se levanta otro Palacio"
                    HPOS="406.0"
                    VPOS="1848.0"
                    WIDTH="1051.0"
                    HEIGHT="62.0"></String>
          </TextLine>
          <TextLine ID="line_24"
                    TAGREFS="LT8"
                    BASELINE="410 1964 1455 1966" 
                    HPOS="408.0"
                    VPOS="1926.0"
                    WIDTH="1047.0"
                    HEIGHT="60.0">
            <Shape><Polygon POINTS="410 1964 408 1973 454 1984 455 1984 516 1976 539 1984 540 1984 687 1985 688 1985 690 1985 709 1978 764 1985 765 1985 813 1976 823 1982 824 1982 825 1982 827 1982 915 1980 955 1986 956 1986 957 1986 984 1977 1001 1984 1003 1984 1004 1984 1068 1977 1081 1985 1082 1985 1084 1985 1085 1985 1086 1985 1117 1977 1140 1984 1141 1984 1142 1984 1233 1977 1435 1984 1437 1984 1438 1984 1454 1976 1455 1966 1455 1940 1438 1932 1437 1932 1435 1932 1434 1932 1433 1932 1422 1938 1318 1932 1317 1932 1316 1932 1297 1938 1294 1938 1292 1938 1237 1928 1236 1928 1140 1937 1136 1937 1134 1937 1122 1928 1121 1928 1120 1928 1085 1928 1084 1928 1082 1928 1081 1928 1070 1937 1066 1938 1013 1936 927 1932 925 1932 781 1934 611 1937 602 1933 588 1926 587 1926 586 1926 584 1926 563 1932 546 1938 470 1938 462 1932 455 1926 454 1926 452 1926 451 1926 410 1930 410 1964"/></Shape>
	    <String CONTENT="de vastas proporciones, en el cual se reune"
                    HPOS="408.0"
                    VPOS="1926.0"
                    WIDTH="1047.0"
                    HEIGHT="60.0"></String>
          </TextLine>
        </TextBlock>
        <TextBlock HPOS="814"
                   VPOS="2232"
                   WIDTH="431"
                   HEIGHT="140"
                   ID="eSc_textblock_53e68c8c"
                   TAGREFS="BT9">
          <Shape><Polygon POINTS="814 2372 814 2232 1245 2232 1245 2372"/></Shape>
          <TextLine ID="eSc_line_34a1020e"
                    TAGREFS="LT8"
                    BASELINE="836 2331 1194 2332" 
                    HPOS="833.0"
                    VPOS="2267.0"
                    WIDTH="360.0"
                    HEIGHT="70.0">
            <Shape><Polygon POINTS="835 2329 833 2337 1191 2337 1193 2331 1193 2283 1169 2267 1167 2267 1165 2267 1163 2267 1071 2283 989 2267 987 2267 985 2267 983 2267 983 2269 963 2287 961 2289 835 2289 835 2329"/></Shape>
	    <String CONTENT="Digitized by Google"
                    HPOS="833.0"
                    VPOS="2267.0"
                    WIDTH="360.0"
                    HEIGHT="70.0"></String>
          </TextLine>
        </TextBlock>
      </PrintSpace>
    </Page>
  </Layout>
</alto>
