1737 2383
424.0 304.0 60.0 42.0 28

680.0 309.0 469.0 35.0 BUENOS AIRES EN EL AÑO 2080

386.0 439.0 1051.0 58.0 miraba sinó á su esposa: segun la costum¬

389.0 504.0 1047.0 62.0 bre de los maridos de todos los tiempos, no

390.0 575.0 1049.0 65.0 podía notar el crímen del periodista; pero

389.0 650.0 1047.0 56.0 Primavera, dotada, como todas las mujeres,

387.0 722.0 1050.0 57.0 de una segunda vista, en semejantes casos,

389.0 791.0 1051.0 60.0 sorprendió varias veces los ojos del criminal.

446.0 856.0 993.0 64.0 Al finalizar la Cavatina, ella se apro¬

394.0 932.0 1046.0 51.0 vechó de los murmullos unánimes de en¬

394.0 1004.0 1046.0 57.0 tusiasmo, para decir á su marido estas

390.0 1071.0 448.0 62.0 sencillas palabras:

463.0 1142.0 984.0 64.0 –Aquel jóven que está vestido á la

394.0 1217.0 1045.0 60.0 griega me ha mirado tres veces con ojos

394.0 1284.0 266.0 63.0 lánguidos.

501.0 1353.0 940.0 62.0 –¿Será posible! esclamó el marido;–en

394.0 1428.0 1043.0 58.0 qué siglo vivimos! tal vez sea un error...

398.0 1497.0 1045.0 59.0 Yo mismo quiero sorprender el crímen al

391.0 1568.0 1050.0 61.0 irse á cometer: hagamos como si nada no¬

395.0 1644.0 216.0 46.0 taramos.

452.0 1705.0 989.0 61.0 En ese mismo instante, el barítono Vo¬

393.0 1777.0 1048.0 60.0 cenarizo, el primer artista del teatro Ita¬

395.0 1848.0 1050.0 59.0 liano de Montevideo, empieza á cantar la

397.0 1916.0 1044.0 64.0 grande aria del Rey de Lahore, una de las

822.0 2251.0 360.0 72.0 Digitized by Google
