1715 2392
437 283 58 50 48

689 283 470 38 BUENOS AIRES EN EL AÑO 2080

398 413 1048 61 ser reino de Prusia, restituyó á la Dena¬

396 481 1050 62 marca el Ducado de Schleswig-Holstein.

396 551 1050 66 El Congreso había arrojado al islamismo

396 624 1051 64 fuera de Europa, y dando la Asiria, la

396 693 1053 65 Arabia y la Mesopotamia á la Persia, había

400 764 1047 65 dejado al Gefe de los Creyentes tan sólo el

396 838 658 55 Asia Menor y la Armenia.

454 907 993 64 La cuestion Romana había sido resuelta

397 986 1045 55 de un modo que se creia entonces muy

394 1053 1049 60 cuerdo. La Francia, como siempre gene¬

396 1120 1049 62 rosa, le abandonó al Papa á Jerusalem con

397 1190 1048 63 todo el territorio de la antigua Judea, y el

396 1262 1050 62 Sumo Pontifice, cediendo á la fuerza que

394 1334 1048 61 le impelía, fué á instalarse en la cuna mis¬

394 1401 1049 63 ma del Cristianismo, seguido de sus Car¬

396 1472 1046 65 denales y de los Superiores de todas las Or¬

396 1546 1043 61 denes religiosas y monásticas. Jerusalem,

398 1622 1048 57 por un momento, se convirtió, pues, en

396 1685 1047 62 Ciudad Cristiana por excelencia. Pero los

398 1762 1047 58 graves inconvenientes de este arreglo no

398 1828 1045 55 tardaron en hacerse sentir: la súbita mu¬

396 1897 1046 61 danza de clima había abreviado la existen¬

839 2264 347 70 Digitized by Google
