1754 2384
538.0 343.0 629.0 68.0 BUENOS AIRES EN 2080

390.0 552.0 284.0 62.0 Qué es esto?

386.0 623.0 692.0 64.0 Qué significa este título?......

385.0 696.0 986.0 65.0 ¡Ay mis lectores amados, lo primero que ha

319.0 768.0 1048.0 58.0 de mortificar á ustedes, como á nosotros es, sa¬

319.0 841.0 1049.0 62.0 ber que, para aquel año, ni nuestro polvo conser¬

319.0 913.0 1050.0 57.0 vará ya la tierra en su regazo, porque ni eso

319.0 981.0 1048.0 63.0 querria Dios que haya quedado bajo de tierra,

319.0 1056.0 450.0 47.0 PARA NO ESTORBAR.

376.0 1117.0 992.0 63.0 BUENOS AIRES EN 2080, es simplemente un

317.0 1192.0 597.0 62.0 libro que llevará ese título.

377.0 1262.0 990.0 62.0 Su autor es el señor A. SIOEN, distinguido

313.0 1337.0 1052.0 61.0 periodista francés, que hace algunos meses se

315.0 1407.0 458.0 51.0 halla entre nosotros.

376.0 1476.0 988.0 61.0 A pesar de haber venido muy recomendado á

313.0 1549.0 1050.0 61.0 personajes altamente colocados de nuestro pais,

315.0 1622.0 1048.0 58.0 él, por un rasgo de modestia de los que no com¬

312.0 1692.0 1052.0 58.0 prendemos, ha permanecido callado, sin hacerse

313.0 1761.0 1048.0 60.0 conocer, consagrado al estudio del idioma espa¬

316.0 1831.0 864.0 64.0 ñol y del pais que ha venido á visitar.

380.0 1900.0 980.0 64.0 Hombre de claro talento, instruccion y obser¬

839.0 2256.0 348.0 68.0 Digitized by Google
