1744 2391
655.0 301.0 468.0 36.0 BUENOS AIRES EN EL AÑO 2080

404.0 297.0 57.0 44.0 62

366.0 429.0 1048.0 65.0 grama pidiendole la mano de su hija, y aún

365.0 499.0 1052.0 62.0 no tengo contestacion. Juzgue Vd. cual

365.0 571.0 1049.0 61.0 será mi desesperacion! Ni diez minutos se

365.0 644.0 1052.0 61.0 necesitaban para mandarme decir lo que

365.0 713.0 356.0 53.0 determinaban.

433.0 782.0 981.0 61.0 –En verdad,– observó la jóven,– ese

368.0 854.0 565.0 61.0 silencio es inesplicable.

430.0 923.0 987.0 63.0 Cándido ahogó sus sollozos, y no tenien¬

370.0 1000.0 1050.0 58.0 do nada que decir, se puso á pensar en

378.0 1061.0 196.0 60.0 Violeta.

429.0 1138.0 984.0 64.0 Enrique, mientras tanto, guiado por Se¬

370.0 1206.0 1052.0 57.0 bastian, iba hácia la casa del Ministro de

370.0 1276.0 1050.0 58.0 Obras Públicas. La ciudad había concluido

369.0 1350.0 1050.0 66.0 su toilette para la noche. Dos veces por dia,

373.0 1422.0 1050.0 63.0 antes de salir el sol, y á la hora general de

374.0 1490.0 1046.0 58.0 las comidas–es decir, á las seis de la tarde,

374.0 1566.0 1048.0 61.0 grandes carros de movimiento eléctrico, que

374.0 1637.0 1050.0 60.0 á la vez riegan, barren y levantan automá¬

377.0 1706.0 1047.0 60.0 ticamente el polvo y el lodo, son lanzados

374.0 1778.0 1052.0 65.0 á galope por todas las calles, que por este

380.0 1847.0 1044.0 64.0 procedimiento quedan completamente lim¬

382.0 1922.0 1044.0 61.0 pias en un abrir y cerrar de ojos. A Gilles

837.0 2263.0 360.0 76.0 Digitized by Google
