1734 2392
417.0 291.0 60.0 50.0 64

675.0 297.0 468.0 35.0 BUENOS AIRES EN EL AÑO 2080

382.0 422.0 1048.0 65.0 brado por un pequeño sol eléctrico, y lleno

378.0 493.0 1048.0 61.0 de veladores de mármol; se estiende á lo

380.0 564.0 1052.0 63.0 largo de la Avenida Rivadavia, sobre una

380.0 635.0 846.0 54.0 azotea con balustradas de sándalo.

437.0 706.0 988.0 63.0 Enrique, al corriente de la etiqueta, se

376.0 776.0 1046.0 63.0 sentó delante de un velador desocupado, y,

377.0 851.0 1052.0 59.0 en el acto, un lacayo de servicio del minis¬

378.0 920.0 1055.0 62.0 terio le presentó un helado de sandía, una

378.0 995.0 1054.0 60.0 copa de Constancia, y una torta de arroz

380.0 1063.0 498.0 53.0 dorada en el horno

437.0 1132.0 993.0 64.0 El Ministro, seguido de un secretario par¬

380.0 1205.0 1052.0 64.0 ticular, iba de uno á otro velador, y récogía

377.0 1277.0 1048.0 61.0 cuanto tenian que decirle. Preguntas, res¬

384.0 1352.0 1041.0 56.0 puestas, reclamaciones, todo era conciso,

380.0 1419.0 827.0 61.0 lacónico...... como un telegrama.

438.0 1492.0 991.0 61.0 Enrique oyó perfectamente lo que sus

381.0 1562.0 1048.0 61.0 dos vecinos habian dicho al ministro, y se

385.0 1631.0 1043.0 64.0 preparó para hablar en el mismo estilo é

382.0 1704.0 426.0 62.0 idéntico espíritu.

444.0 1768.0 639.0 59.0 Uno de ellos había dicho:

466.0 1844.0 962.0 61.0 –Yo soy Moreno, de Catamarca, in¬

385.0 1917.0 1043.0 65.0 geniero. Quiero canalizar, en las provin¬

832.0 2264.0 361.0 76.0 Digitized by Google
