1732 2391
417.0 293.0 52.0 39.0 58

671.0 290.0 461.0 34.0 BUENOS AIRES EN EL AÑO 2080

373.0 422.0 1053.0 58.0 nuo–pues las jóvenes que solo cuentan

373.0 490.0 1051.0 59.0 siete horas de casadas, ignoran ahora mu¬

372.0 564.0 1055.0 60.0 chísimas cosas–que existe aquí una agencia

373.0 632.0 1051.0 64.0 matrimonial patronizada y bajo la vigilan¬

373.0 704.0 1053.0 59.0 cia del gobierno, que estiende sus ramifi¬

373.0 775.0 1053.0 55.0 ciones por todo el mundo. Esta institucion,

377.0 847.0 1050.0 61.0 que forma parte de nuestro sistema de

378.0 919.0 1050.0 65.0 gobierno, y tiene por objeto propender al

376.0 988.0 1052.0 61.0 aumento de poblacion, mediante el estímulo

376.0 1057.0 981.0 56.0 dado al matrimono, data del año 1982.

439.0 1130.0 991.0 61.0 Cuando hubo concluido la comida, los

376.0 1200.0 1054.0 56.0 convidados fueron introducidos á la sala de

377.0 1272.0 1053.0 61.0 las abluciones. Dos ayudas de cámara pre¬

378.0 1349.0 1053.0 57.0 sentaron los aguamaniles de oro, y en

380.0 1414.0 1050.0 65.0 palanganas de mármol dejaron correr abun¬

380.0 1487.0 1054.0 61.0 dante agua perfumada. Hemos leido un

380.0 1555.0 1051.0 66.0 libro antiguo que trata de Urbanidad pue¬

380.0 1628.0 1051.0 64.0 ril y de buena crianza publicado en el siglo

378.0 1696.0 1054.0 66.0 XIX, que, en esa época, todavía bárba¬

380.0 1771.0 1054.0 62.0 ra, despues de la comida, se servía agua

380.0 1843.0 1052.0 63.0 caliente en grandes tazas, y que todos, in¬

381.0 1912.0 1050.0 61.0 clinándose sobre este espantoso baño man¬

835.0 2261.0 364.0 80.0 Digitized by Google
