1750 2392
425.0 296.0 53.0 45.0 68

678.0 301.0 469.0 35.0 BUENOS AIRES EN EL AÑO 2080

386.0 427.0 1047.0 63.0 dijo el ministro, los presos saldrán dentro

385.0 499.0 306.0 59.0 de tres dias.

444.0 570.0 985.0 65.0 Enrique saludaba ya como para despe¬

382.0 640.0 982.0 64.0 dirse. El ministro le detuvo y le dijo:

452.0 705.0 978.0 65.0 –La Prefectura de los Andes del Norte,

382.0 776.0 1051.0 67.0 á pocas leguas de su mina, está vacante

381.0 850.0 1049.0 65.0 desde anteayer. Nombro á Enrique, hijo

381.0 922.0 1051.0 62.0 de Pedro, Prefecto de ese departamento.

382.0 992.0 1050.0 63.0 Esta es la razon por la cual deseaba verle.

387 1054 417 72 ¿Es Vd. casado?

474.0 1136.0 893.0 65.0 –Tengo esa dicha, contestó Enrique.

446.0 1203.0 979.0 66.0 –Que Dios le conceda todas las demás,

376.0 1281.0 1052.0 61.0 repuso el ministro. Parta, esplote su mina,

373.0 1350.0 1053.0 61.0 sea buen Administrador, tenga muchos hi¬

384.0 1423.0 1045.0 60.0 jos, y mándenos cada año un millon de

375.0 1488.0 1051.0 66.0 Kils de Cobre é igual numero de escelen¬

377.0 1566.0 365.0 49.0 tes codornices.

433.0 1630.0 992.0 63.0 El Secretario entregó sus titulos á Enri¬

376.0 1703.0 1050.0 65.0 que, que estrechó la mano del Ministro y se

373.0 1778.0 877.0 59.0 apresuró á reunirse con Primavera.

834.0 2262.0 347.0 70.0 Digitized by Google
