1781 2378
720.0 277.0 327.0 37.0 HISTORIA VEROSIMIL

1304.0 278.0 68.0 45.0 107

356.0 404.0 1056.0 62.0 museos del orbe. Desde el descubrimiento

356.0 475.0 1052.0 62.0 de la fotografia de colores, es decir: que re¬

360.0 549.0 1051.0 63.0 produce á un mismo tiempo que sus for¬

359.0 616.0 1050.0 63.0 mas y sus lineas, el color de los objetos,

359.0 689.0 1052.0 58.0 las obras maestras de los pintores de tiem¬

360.0 760.0 1053.0 63.0 pos antiguos, coleccionadas, forman museos

359.0 828.0 1053.0 61.0 admirables en que en realidad se encuen¬

360.0 899.0 1051.0 60.0 tran sus cuadros con toda la riqueza del co¬

359.0 968.0 1056.0 65.0 lorido. La fotografía que hoy reproduce á

360.0 1039.0 1051.0 57.0 la Naturaleza con sus tintes los mas vivos,

365.0 1111.0 1047.0 62.0 y más cálidos, y las matices mas delicados,

360.0 1182.0 1053.0 63.0 alegran y vivifican ahora nuestros aposen¬

362.0 1253.0 1050.0 62.0 tos que antes hacian sombríos con imágenes

360.0 1325.0 850.0 59.0 abomnablemente negras y tristes.

421.0 1392.0 996.0 66.0 Al pasar por el Teatro que funcionaba de

364.0 1461.0 1052.0 63.0 dia, Primavera manifestó el deseo de al¬

364.0 1536.0 1051.0 66.0 quilar un palco para presenciar el magnífi¬

364.0 1606.0 1051.0 63.0 co espectáculo que tiene por araña el Sol.

365.0 1677.0 1053.0 61.0 En ese momento representaban el Ballet

365.0 1746.0 1050.0 61.0 las Oceánidas ejecutado por mil muchachas

365.0 1820.0 1050.0 63.0 de todos los paises, de todos los matices

367.0 1889.0 1050.0 67.0 de cabello y cutis. Enrique dirigiendo la

836.0 2251.0 361.0 75.0 Digitized by Google
