<?xml version="1.0" encoding="UTF-8"?>
<alto xmlns:xsi="http://www.w3.org/2001/XMLSchema-instance"
      xmlns="http://www.loc.gov/standards/alto/ns-v4#"
      xsi:schemaLocation="http://www.loc.gov/standards/alto/ns-v4# http://www.loc.gov/standards/alto/v4/alto-4-2.xsd">
  <Description>
    <MeasurementUnit>pixel</MeasurementUnit>
    <sourceImageInformation>
      <fileName>29432355.png</fileName>
    </sourceImageInformation>
  </Description>
  <Tags>
    <OtherTag ID="BT7" LABEL="CustomZone" DESCRIPTION="block type CustomZone"/><OtherTag ID="BT8" LABEL="DamageZone" DESCRIPTION="block type DamageZone"/><OtherTag ID="BT9" LABEL="DigitizationArtefactZone" DESCRIPTION="block type DigitizationArtefactZone"/><OtherTag ID="BT10" LABEL="DropCapitalZone" DESCRIPTION="block type DropCapitalZone"/><OtherTag ID="BT11" LABEL="GraphicZone" DESCRIPTION="block type GraphicZone"/><OtherTag ID="BT12" LABEL="MainZone" DESCRIPTION="block type MainZone"/><OtherTag ID="BT13" LABEL="MarginTextZone" DESCRIPTION="block type MarginTextZone"/><OtherTag ID="BT14" LABEL="MusicZone" DESCRIPTION="block type MusicZone"/><OtherTag ID="BT15" LABEL="NumberingZone" DESCRIPTION="block type NumberingZone"/><OtherTag ID="BT17" LABEL="QuireMarksZone" DESCRIPTION="block type QuireMarksZone"/><OtherTag ID="BT18" LABEL="RunningTitleZone" DESCRIPTION="block type RunningTitleZone"/><OtherTag ID="BT19" LABEL="SealZone" DESCRIPTION="block type SealZone"/><OtherTag ID="BT20" LABEL="StampZone" DESCRIPTION="block type StampZone"/><OtherTag ID="BT21" LABEL="TableZone" DESCRIPTION="block type TableZone"/><OtherTag ID="BT22" LABEL="TitlePageZone" DESCRIPTION="block type TitlePageZone"/><OtherTag ID="BT28" LABEL="CustomZone:Numbering" DESCRIPTION="block type CustomZone:Numbering"/><OtherTag ID="BT29" LABEL="NumberingZone:page" DESCRIPTION="block type NumberingZone:page"/><OtherTag ID="BT30" LABEL="NumberingZone:folio" DESCRIPTION="block type NumberingZone:folio"/>
    <OtherTag ID="LT7" LABEL="CustomLine" DESCRIPTION="line type CustomLine"/><OtherTag ID="LT8" LABEL="DefaultLine" DESCRIPTION="line type DefaultLine"/><OtherTag ID="LT9" LABEL="DropCapitalLine" DESCRIPTION="line type DropCapitalLine"/><OtherTag ID="LT10" LABEL="HeadingLine" DESCRIPTION="line type HeadingLine"/><OtherTag ID="LT11" LABEL="InterlinearLine" DESCRIPTION="line type InterlinearLine"/><OtherTag ID="LT12" LABEL="MusicLine" DESCRIPTION="line type MusicLine"/>
  </Tags>
  <Layout>
    <Page WIDTH="1767"
          HEIGHT="2373"
          PHYSICAL_IMG_NR="110"
          ID="eSc_dummypage_">
      <PrintSpace HPOS="0"
                  VPOS="0"
                  WIDTH="1767"
                  HEIGHT="2373">
        <TextBlock HPOS="716.0"
                   VPOS="290.0"
                   WIDTH="342.0"
                   HEIGHT="42.0"
                   ID="block_0"
                   TAGREFS="BT18">
          <Shape><Polygon POINTS="1058 290 1058 332 716 332 716 290"/></Shape>
          <TextLine ID="line_0"
                    TAGREFS="LT8"
                    BASELINE="725 320 1052 320" 
                    HPOS="725.0"
                    VPOS="296.0"
                    WIDTH="327.0"
                    HEIGHT="36.0">
            <Shape><Polygon POINTS="725 320 725 332 1052 332 1052 320 1052 296 725 296 725 320"/></Shape>
	    <String CONTENT="HISTORIA VEROSIMIL"
                    HPOS="725.0"
                    VPOS="296.0"
                    WIDTH="327.0"
                    HEIGHT="36.0"></String>
          </TextLine>
        </TextBlock>
        <TextBlock HPOS="1288.0"
                   VPOS="277.0"
                   WIDTH="97.0"
                   HEIGHT="60.0"
                   ID="block_3"
                   TAGREFS="BT29">
          <Shape><Polygon POINTS="1385 277 1385 337 1288 337 1288 277"/></Shape>
          <TextLine ID="line_17"
                    TAGREFS="LT8"
                    BASELINE="1302 326 1374 324" 
                    HPOS="1300.0"
                    VPOS="288.0"
                    WIDTH="74.0"
                    HEIGHT="46.0">
            <Shape><Polygon POINTS="1302 326 1302 334 1374 333 1374 324 1371 295 1337 288 1335 288 1300 296 1302 326"/></Shape>
	    <String CONTENT="111"
                    HPOS="1300.0"
                    VPOS="288.0"
                    WIDTH="74.0"
                    HEIGHT="46.0"></String>
          </TextLine>
        </TextBlock>
        <TextBlock HPOS="356.0"
                   VPOS="416.0"
                   WIDTH="1074.0"
                   HEIGHT="1549.0"
                   ID="block_1"
                   TAGREFS="BT12">
          <Shape><Polygon POINTS="1430 416 1430 1965 356 1965 356 416"/></Shape>
          <TextLine ID="line_1"
                    TAGREFS="LT8"
                    BASELINE="366 466 1410 466" 
                    HPOS="366.0"
                    VPOS="424.0"
                    WIDTH="1044.0"
                    HEIGHT="61.0">
            <Shape><Polygon POINTS="366 466 366 475 411 483 412 485 501 485 501 483 502 483 503 483 511 477 535 483 536 483 538 483 605 477 615 483 617 483 618 483 619 485 694 485 694 483 696 483 697 483 706 477 768 483 770 483 771 483 785 477 825 483 826 483 863 477 933 483 934 483 1410 475 1410 466 1410 437 1380 436 1366 424 1364 424 1363 424 1338 424 1337 424 1335 424 1334 424 1319 436 1284 424 1283 424 1281 424 1226 436 1198 424 1197 424 1172 424 1170 424 1169 424 1168 424 1156 435 1143 424 1141 424 1140 424 1114 424 1112 424 1111 424 1083 437 936 437 870 424 868 424 867 424 836 436 817 424 816 424 814 424 813 424 772 433 762 424 760 424 759 424 733 424 731 424 730 424 729 424 713 437 628 437 570 424 569 424 568 424 567 424 551 437 366 437 366 466"/></Shape>
	    <String CONTENT="ven y cabeceo de los buques se habia hecho"
                    HPOS="366.0"
                    VPOS="424.0"
                    WIDTH="1044.0"
                    HEIGHT="61.0"></String>
          </TextLine>
          <TextLine ID="line_2"
                    TAGREFS="LT8"
                    BASELINE="362 536 1410 536" 
                    HPOS="362.0"
                    VPOS="494.0"
                    WIDTH="1048.0"
                    HEIGHT="61.0">
            <Shape><Polygon POINTS="362 536 362 547 449 555 450 555 1410 547 1410 536 1410 510 1285 506 1263 494 1261 494 1260 494 1259 494 1239 500 1225 494 1223 494 1222 494 1221 494 1219 494 1199 510 1097 510 1054 494 1053 494 957 494 956 494 954 494 924 508 867 494 866 494 865 494 863 494 862 494 846 507 731 508 700 494 698 494 664 494 663 494 661 494 660 494 640 510 601 510 581 494 580 494 578 494 516 494 515 494 514 494 512 494 489 510 362 510 362 536"/></Shape>
	    <String CONTENT="insensible. La marcha del buque, término"
                    HPOS="362.0"
                    VPOS="494.0"
                    WIDTH="1048.0"
                    HEIGHT="61.0"></String>
          </TextLine>
          <TextLine ID="line_3"
                    TAGREFS="LT8"
                    BASELINE="362 610 1409 607" 
                    HPOS="361.0"
                    VPOS="566.0"
                    WIDTH="1048.0"
                    HEIGHT="60.0">
            <Shape><Polygon POINTS="362 610 362 619 524 626 526 626 527 626 528 626 536 619 538 619 870 619 880 626 882 626 883 626 884 626 963 618 975 618 998 618 1153 624 1155 624 1186 618 1188 618 1198 624 1199 624 1201 624 1202 624 1408 616 1409 607 1407 581 1314 581 1294 566 1293 566 1292 566 1264 566 1263 566 1261 566 1260 566 1242 581 1157 581 1119 566 1118 566 1116 566 1115 566 1114 566 1098 576 899 574 898 574 896 574 882 581 818 578 804 568 803 568 801 568 800 568 723 578 687 568 685 568 684 568 683 568 681 568 664 581 647 568 646 568 644 568 613 568 611 568 610 568 609 568 597 578 515 581 495 568 494 568 493 568 444 568 443 568 441 568 412 580 370 574 369 574 367 574 366 574 366 576 361 580 362 610"/></Shape>
	    <String CONTENT="medio, es de tres kis. por minuto, es decir:"
                    HPOS="361.0"
                    VPOS="566.0"
                    WIDTH="1048.0"
                    HEIGHT="60.0"></String>
          </TextLine>
          <TextLine ID="line_4"
                    TAGREFS="LT8"
                    BASELINE="366 677 1412 677" 
                    HPOS="366.0"
                    VPOS="635.0"
                    WIDTH="1046.0"
                    HEIGHT="62.0">
            <Shape><Polygon POINTS="366 677 366 686 381 694 382 694 383 694 506 688 515 694 516 694 518 694 609 697 610 697 694 694 696 694 697 694 706 688 810 697 812 697 813 697 839 688 994 696 995 696 1069 688 1081 697 1082 697 1083 697 1085 697 1147 689 1161 694 1163 694 1164 694 1165 694 1167 694 1174 688 1211 694 1213 694 1214 694 1239 688 1298 694 1300 694 1410 686 1412 677 1410 651 1310 649 1281 635 1280 635 1279 635 1277 635 1276 635 1255 649 1236 635 1235 635 1234 635 1211 635 1210 635 1209 635 1207 635 1188 651 1064 651 1041 635 1040 635 1039 635 1015 635 1014 635 1012 635 981 651 915 651 892 635 891 635 890 635 866 635 865 635 863 635 862 635 842 651 801 651 778 635 776 635 775 635 737 635 735 635 734 635 733 635 713 651 561 651 532 635 531 635 530 635 528 635 498 644 486 635 485 635 483 635 386 635 385 635 383 635 382 635 366 647 366 677"/></Shape>
	    <String CONTENT="4320 kis. por dia; de modo que al tercer"
                    HPOS="366.0"
                    VPOS="635.0"
                    WIDTH="1046.0"
                    HEIGHT="62.0"></String>
          </TextLine>
          <TextLine ID="line_5"
                    TAGREFS="LT8"
                    BASELINE="362 750 1412 747" 
                    HPOS="361.0"
                    VPOS="703.0"
                    WIDTH="1051.0"
                    HEIGHT="66.0">
            <Shape><Polygon POINTS="362 750 362 769 416 761 486 768 489 768 490 768 491 768 539 759 825 759 842 764 847 765 849 765 850 765 851 765 853 765 854 764 861 759 879 763 883 764 884 764 886 764 898 763 944 758 992 761 1045 767 1047 767 1048 767 1064 761 1074 758 1126 760 1217 765 1218 765 1219 765 1221 765 1231 759 1234 758 1238 759 1252 764 1254 764 1255 764 1292 758 1297 758 1298 758 1312 767 1313 767 1314 767 1316 768 1362 768 1362 767 1363 767 1364 767 1377 758 1385 764 1387 764 1388 764 1389 764 1391 764 1412 756 1412 747 1409 719 1325 719 1306 703 1305 703 1304 703 1248 703 1247 703 1246 703 1244 703 1228 717 1205 703 1203 703 1107 703 1106 703 1105 703 1103 703 1083 719 1025 719 991 717 973 703 971 703 970 703 969 703 967 703 966 703 948 719 916 719 888 703 887 703 886 703 884 703 863 710 846 705 845 705 843 705 842 705 841 705 822 719 821 721 751 721 748 719 722 705 721 705 719 705 718 705 671 719 667 721 601 721 599 719 581 705 580 705 578 705 577 705 576 705 532 717 469 719 440 719 437 719 419 705 418 705 416 705 375 705 374 705 373 705 371 705 371 706 361 714 362 750"/></Shape>
	    <String CONTENT="dia por la mañana á las tres, el Rio Negro"
                    HPOS="361.0"
                    VPOS="703.0"
                    WIDTH="1051.0"
                    HEIGHT="66.0"></String>
          </TextLine>
          <TextLine ID="line_6"
                    TAGREFS="LT8"
                    BASELINE="363 821 1410 821" 
                    HPOS="363.0"
                    VPOS="776.0"
                    WIDTH="1047.0"
                    HEIGHT="62.0">
            <Shape><Polygon POINTS="363 821 363 830 373 837 374 837 375 837 377 838 515 838 515 837 516 837 518 837 526 830 564 837 565 837 615 830 617 830 618 830 651 837 652 837 687 830 690 830 693 830 731 837 733 837 734 837 748 830 750 830 758 830 818 837 820 837 821 837 833 831 836 830 847 831 905 837 907 837 908 837 921 831 925 830 930 831 952 837 953 837 954 837 982 831 991 830 1002 831 1032 837 1033 838 1099 838 1099 837 1101 837 1102 837 1107 831 1111 830 1130 833 1181 838 1182 838 1410 833 1410 821 1410 793 1227 793 1218 792 1198 791 1180 776 1178 776 1177 776 1132 776 1131 776 1130 776 1128 776 1108 792 1107 792 1054 791 1006 791 988 776 987 776 986 776 949 776 948 776 946 776 945 776 927 791 925 792 924 791 896 776 895 776 874 776 872 776 871 776 870 776 851 791 849 792 817 791 814 791 796 776 795 776 793 776 722 776 721 776 719 776 718 776 702 788 687 776 685 776 684 776 663 776 661 776 660 776 659 776 642 789 638 793 516 793 509 789 479 776 478 776 461 776 460 776 458 776 457 776 440 789 435 792 398 789 381 776 379 776 378 776 377 776 375 776 374 776 363 784 363 821"/></Shape>
	    <String CONTENT="tocaba en el Cabo de Buena Esperanza,"
                    HPOS="363.0"
                    VPOS="776.0"
                    WIDTH="1047.0"
                    HEIGHT="62.0"></String>
          </TextLine>
          <TextLine ID="line_7"
                    TAGREFS="LT8"
                    BASELINE="363 892 1405 888" 
                    HPOS="362.0"
                    VPOS="845.0"
                    WIDTH="1043.0"
                    HEIGHT="64.0">
            <Shape><Polygon POINTS="363 892 363 901 570 908 572 908 573 908 574 908 582 903 586 901 627 903 706 907 708 907 785 904 875 900 884 904 891 907 892 907 894 907 907 904 928 900 967 904 1014 909 1015 909 1049 904 1091 899 1119 905 1130 907 1131 907 1147 905 1192 899 1201 905 1202 905 1203 905 1205 907 1404 907 1405 888 1401 858 1338 858 1335 856 1322 846 1321 846 1319 846 1318 846 1317 846 1316 846 1302 856 1300 859 1236 859 1228 856 1206 845 1205 845 1203 845 1202 845 1201 845 1188 855 1182 860 974 860 963 854 953 846 952 846 950 846 949 846 948 846 925 854 913 858 908 854 899 846 898 846 896 846 783 846 781 846 780 846 779 846 771 852 760 860 718 852 692 847 690 847 689 847 688 847 683 851 668 862 648 862 623 851 613 847 611 847 610 847 609 847 601 851 582 862 564 851 559 847 557 847 556 847 535 847 534 847 532 847 531 847 527 850 519 858 470 862 452 850 448 847 447 847 445 847 420 847 419 847 418 847 416 847 414 850 403 858 391 850 389 847 387 847 386 847 385 847 362 849 363 892"/></Shape>
	    <String CONTENT="habiendo hecho 1600 leguas en treinta y"
                    HPOS="362.0"
                    VPOS="845.0"
                    WIDTH="1043.0"
                    HEIGHT="64.0"></String>
          </TextLine>
          <TextLine ID="line_8"
                    TAGREFS="LT8"
                    BASELINE="365 965 627 962" 
                    HPOS="363.0"
                    VPOS="922.0"
                    WIDTH="264.0"
                    HEIGHT="52.0">
            <Shape><Polygon POINTS="365 965 365 974 626 971 627 962 625 934 541 926 540 926 509 933 497 924 497 922 495 922 494 922 493 922 431 933 377 928 375 928 374 928 373 928 363 933 365 965"/></Shape>
	    <String CONTENT="seis horas."
                    HPOS="363.0"
                    VPOS="922.0"
                    WIDTH="264.0"
                    HEIGHT="52.0"></String>
          </TextLine>
          <TextLine ID="line_9"
                    TAGREFS="LT8"
                    BASELINE="425 1033 1417 1033" 
                    HPOS="425.0"
                    VPOS="988.0"
                    WIDTH="992.0"
                    HEIGHT="64.0">
            <Shape><Polygon POINTS="425 1033 425 1042 890 1042 901 1052 903 1052 904 1052 905 1052 990 1042 1097 1042 1124 1052 1126 1052 1127 1052 1213 1042 1265 1042 1280 1052 1281 1052 1283 1052 1284 1052 1417 1041 1417 1033 1417 1004 1383 1001 1368 988 1367 988 1366 988 1364 988 1298 1001 1293 1003 1292 1001 1267 988 1265 988 1226 988 1225 988 1223 988 1193 1000 1188 1003 1099 1000 1097 1000 1083 988 1082 988 1081 988 1027 988 1025 988 1024 988 1023 988 1011 999 1004 1004 804 1004 791 996 775 988 774 988 772 988 771 988 758 996 750 1000 705 1003 585 1001 576 994 569 988 568 988 567 988 547 988 545 988 544 988 543 988 538 994 524 1004 502 1004 483 992 478 988 477 988 476 988 474 988 425 991 425 1033"/></Shape>
	    <String CONTENT="En el momento en que el buque llegaba"
                    HPOS="425.0"
                    VPOS="988.0"
                    WIDTH="992.0"
                    HEIGHT="64.0"></String>
          </TextLine>
          <TextLine ID="line_10"
                    TAGREFS="LT8"
                    BASELINE="366 1106 1413 1099" 
                    HPOS="365.0"
                    VPOS="1058.0"
                    WIDTH="1048.0"
                    HEIGHT="65.0">
            <Shape><Polygon POINTS="366 1106 366 1113 448 1123 449 1123 524 1113 526 1113 527 1113 573 1123 574 1123 576 1123 596 1112 597 1112 623 1112 783 1117 784 1117 880 1111 886 1111 887 1111 895 1117 896 1117 898 1117 1010 1119 1011 1119 1012 1119 1037 1110 1040 1110 1044 1110 1108 1119 1110 1119 1111 1119 1143 1110 1174 1117 1176 1117 1177 1117 1178 1117 1203 1108 1206 1108 1209 1108 1235 1116 1236 1116 1374 1117 1375 1117 1376 1117 1413 1107 1413 1099 1410 1073 1284 1073 1261 1058 1260 1058 1259 1058 1235 1058 1234 1058 1232 1058 1231 1058 1217 1070 1185 1059 1184 1059 1182 1059 1181 1059 1180 1059 1163 1074 1025 1074 995 1059 994 1059 992 1059 991 1059 975 1066 958 1061 957 1061 956 1061 954 1061 953 1061 942 1070 923 1061 921 1061 865 1061 863 1061 862 1061 861 1061 839 1074 784 1061 783 1061 781 1061 733 1075 611 1069 610 1069 573 1077 543 1063 541 1063 540 1063 479 1075 382 1063 381 1063 379 1063 378 1063 365 1073 366 1106"/></Shape>
	    <String CONTENT="á puerto, un maitre d’hotel, vino á desper¬"
                    HPOS="365.0"
                    VPOS="1058.0"
                    WIDTH="1048.0"
                    HEIGHT="65.0"></String>
          </TextLine>
          <TextLine ID="line_11"
                    TAGREFS="LT8"
                    BASELINE="367 1175 1414 1170" 
                    HPOS="366.0"
                    VPOS="1129.0"
                    WIDTH="1048.0"
                    HEIGHT="66.0">
            <Shape><Polygon POINTS="367 1175 367 1186 597 1186 626 1195 627 1195 628 1195 676 1183 679 1183 680 1183 704 1194 705 1194 706 1195 766 1195 766 1194 849 1183 850 1183 882 1189 883 1189 953 1182 962 1182 978 1193 979 1193 981 1193 982 1194 1021 1194 1021 1193 1112 1182 1114 1182 1115 1182 1188 1187 1189 1187 1190 1187 1192 1187 1198 1181 1199 1181 1209 1181 1339 1191 1341 1191 1413 1179 1414 1170 1412 1144 1325 1142 1304 1129 1302 1129 1301 1129 1252 1129 1251 1129 1250 1129 1248 1129 1238 1137 1222 1129 1221 1129 1219 1129 1218 1129 1217 1129 1198 1142 1198 1144 1127 1145 1110 1145 1107 1142 1090 1131 1089 1131 1087 1131 1061 1131 1060 1131 1058 1131 1057 1131 1043 1142 1040 1144 991 1142 963 1142 937 1131 936 1131 934 1131 879 1142 865 1146 770 1146 764 1142 759 1139 758 1139 756 1139 755 1139 754 1139 742 1142 733 1145 717 1142 693 1139 692 1139 610 1142 574 1144 572 1142 555 1133 553 1133 470 1133 469 1133 468 1133 466 1133 454 1142 449 1146 431 1142 390 1133 389 1133 387 1133 366 1141 367 1175"/></Shape>
	    <String CONTENT="tar á Enrique, para entregarle un telégra¬"
                    HPOS="366.0"
                    VPOS="1129.0"
                    WIDTH="1048.0"
                    HEIGHT="66.0"></String>
          </TextLine>
          <TextLine ID="line_12"
                    TAGREFS="LT8"
                    BASELINE="367 1247 1416 1241" 
                    HPOS="366.0"
                    VPOS="1198.0"
                    WIDTH="1050.0"
                    HEIGHT="67.0">
            <Shape><Polygon POINTS="367 1247 367 1256 453 1255 456 1256 465 1264 466 1264 468 1264 469 1265 510 1265 510 1264 548 1255 553 1255 560 1255 594 1260 596 1260 731 1253 755 1253 758 1253 766 1260 767 1260 768 1260 770 1260 900 1253 923 1252 936 1252 1014 1259 1015 1259 1049 1252 1050 1252 1052 1252 1130 1261 1131 1261 1228 1253 1280 1260 1281 1260 1283 1260 1284 1260 1296 1251 1322 1259 1323 1259 1325 1260 1403 1260 1403 1259 1404 1259 1405 1259 1416 1249 1416 1241 1414 1216 1375 1199 1374 1199 1372 1199 1371 1199 1339 1216 1256 1216 1198 1198 1197 1198 1196 1198 1194 1198 1193 1198 1176 1211 1064 1210 1062 1210 1061 1210 1060 1210 1052 1218 1025 1218 1000 1199 999 1199 998 1199 975 1199 974 1199 973 1199 971 1199 952 1215 912 1199 911 1199 909 1199 908 1199 879 1206 836 1201 834 1201 833 1201 832 1201 817 1212 803 1201 801 1201 800 1201 778 1201 776 1201 775 1201 774 1201 751 1219 730 1219 719 1210 718 1210 717 1210 716 1210 672 1216 651 1201 650 1201 648 1201 628 1201 627 1201 589 1202 588 1202 586 1202 564 1219 477 1210 476 1210 474 1210 449 1219 431 1210 429 1210 428 1210 377 1211 375 1211 374 1211 374 1212 366 1218 367 1247"/></Shape>
	    <String CONTENT="ma que allí en el Cabo le esperaba; este"
                    HPOS="366.0"
                    VPOS="1198.0"
                    WIDTH="1050.0"
                    HEIGHT="67.0"></String>
          </TextLine>
          <TextLine ID="line_13"
                    TAGREFS="LT8"
                    BASELINE="367 1318 1413 1311" 
                    HPOS="366.0"
                    VPOS="1268.0"
                    WIDTH="1047.0"
                    HEIGHT="67.0">
            <Shape><Polygon POINTS="367 1318 367 1327 435 1327 453 1335 454 1335 456 1335 602 1324 618 1324 639 1324 772 1330 774 1330 775 1330 776 1330 785 1323 788 1323 814 1323 1015 1331 1016 1331 1018 1331 1036 1322 1037 1322 1047 1322 1153 1331 1155 1331 1201 1322 1318 1330 1319 1330 1412 1319 1413 1311 1410 1285 1250 1285 1209 1268 1207 1268 1206 1268 1205 1268 1172 1285 1170 1286 1094 1286 1093 1285 1085 1278 1083 1278 1082 1278 1081 1278 1008 1285 1000 1285 977 1270 975 1270 974 1270 907 1270 905 1270 904 1270 903 1270 888 1281 868 1270 867 1270 808 1270 807 1270 805 1270 804 1270 785 1285 783 1288 780 1285 758 1272 756 1272 755 1272 733 1272 731 1272 730 1272 729 1272 712 1285 709 1288 698 1285 677 1280 676 1280 675 1280 643 1285 630 1288 621 1285 602 1280 601 1280 599 1280 598 1280 586 1285 584 1286 524 1285 479 1285 465 1273 464 1273 462 1273 379 1273 378 1273 377 1273 375 1273 375 1274 366 1281 367 1318"/></Shape>
	    <String CONTENT="telégrama era de Cándido, en que le anun¬"
                    HPOS="366.0"
                    VPOS="1268.0"
                    WIDTH="1047.0"
                    HEIGHT="67.0"></String>
          </TextLine>
          <TextLine ID="line_14"
                    TAGREFS="LT8"
                    BASELINE="367 1386 1416 1382" 
                    HPOS="366.0"
                    VPOS="1338.0"
                    WIDTH="1050.0"
                    HEIGHT="66.0">
            <Shape><Polygon POINTS="367 1386 367 1396 548 1404 549 1404 593 1396 596 1396 598 1396 648 1401 650 1401 816 1394 836 1394 837 1394 849 1402 850 1402 851 1402 853 1402 967 1394 971 1394 975 1394 1064 1402 1065 1404 1065 1402 1161 1393 1170 1393 1265 1393 1267 1393 1275 1400 1276 1400 1277 1400 1279 1400 1280 1400 1292 1393 1301 1400 1302 1400 1304 1400 1305 1400 1414 1392 1416 1382 1413 1353 1376 1352 1359 1338 1358 1338 1356 1338 1355 1338 1354 1338 1330 1348 1317 1338 1316 1338 1314 1338 1260 1338 1259 1338 1257 1338 1256 1338 1238 1351 1202 1338 1201 1338 1199 1338 1198 1338 1197 1338 1177 1353 1144 1353 1105 1338 1103 1338 1102 1338 1101 1338 1062 1355 1036 1355 1016 1339 1015 1339 1014 1339 1012 1339 1011 1339 975 1355 945 1355 921 1339 920 1339 919 1339 917 1339 916 1339 884 1351 847 1339 846 1339 845 1339 843 1339 842 1339 818 1353 775 1339 774 1339 772 1339 771 1339 770 1339 752 1353 713 1355 680 1340 679 1340 660 1340 659 1340 658 1340 656 1340 638 1355 606 1340 605 1340 603 1340 602 1340 601 1340 582 1355 490 1355 439 1340 437 1340 436 1340 435 1340 433 1340 414 1356 366 1356 367 1386"/></Shape>
	    <String CONTENT="ciaba que habiendo dado el padre de Viole¬"
                    HPOS="366.0"
                    VPOS="1338.0"
                    WIDTH="1050.0"
                    HEIGHT="66.0"></String>
          </TextLine>
          <TextLine ID="line_15"
                    TAGREFS="LT8"
                    BASELINE="370 1458 1420 1454" 
                    HPOS="369.0"
                    VPOS="1411.0"
                    WIDTH="1051.0"
                    HEIGHT="62.0">
            <Shape><Polygon POINTS="370 1458 370 1465 647 1473 648 1473 725 1465 1018 1472 1019 1472 1078 1464 1254 1471 1255 1471 1366 1464 1383 1471 1384 1471 1385 1471 1387 1471 1420 1462 1420 1454 1417 1417 1389 1411 1388 1411 1387 1411 1385 1411 1380 1417 1372 1422 1364 1417 1358 1411 1356 1411 1355 1411 1287 1411 1285 1411 1284 1411 1283 1411 1276 1418 1267 1425 1144 1425 1122 1419 1087 1411 1086 1411 1085 1411 1068 1419 1054 1426 1000 1426 992 1419 983 1413 982 1413 981 1413 927 1413 925 1413 924 1413 923 1413 912 1421 905 1426 882 1426 850 1421 783 1413 781 1413 780 1413 779 1413 768 1422 764 1425 756 1422 730 1413 729 1413 727 1413 726 1413 708 1422 700 1427 418 1427 414 1425 382 1414 381 1414 379 1414 378 1414 377 1414 377 1415 369 1421 370 1458"/></Shape>
	    <String CONTENT="ta, una respuesta favorable, se hacia inutil el"
                    HPOS="369.0"
                    VPOS="1411.0"
                    WIDTH="1051.0"
                    HEIGHT="62.0"></String>
          </TextLine>
          <TextLine ID="line_18"
                    TAGREFS="LT8"
                    BASELINE="373 1526 1417 1522" 
                    HPOS="371.0"
                    VPOS="1480.0"
                    WIDTH="1046.0"
                    HEIGHT="63.0">
            <Shape><Polygon POINTS="373 1526 373 1534 390 1542 391 1542 392 1543 479 1543 479 1542 481 1542 499 1534 509 1534 717 1541 718 1541 828 1533 830 1533 833 1533 898 1541 899 1541 900 1541 929 1533 938 1541 940 1541 941 1541 942 1542 1052 1542 1052 1541 1116 1531 1118 1531 1119 1531 1149 1539 1151 1539 1152 1541 1272 1541 1272 1539 1273 1539 1305 1531 1314 1539 1316 1539 1317 1539 1318 1541 1403 1541 1403 1539 1404 1539 1405 1539 1417 1530 1417 1522 1416 1497 1381 1480 1380 1480 1379 1480 1377 1480 1346 1493 1275 1496 1223 1480 1222 1480 1199 1480 1198 1480 1197 1480 1196 1480 1180 1492 1165 1480 1164 1480 1163 1480 1141 1480 1140 1480 1139 1480 1138 1480 1116 1496 986 1494 965 1481 963 1481 962 1481 941 1481 940 1481 938 1481 937 1481 917 1497 870 1481 868 1481 838 1481 837 1481 836 1481 834 1481 813 1497 710 1496 693 1483 692 1483 690 1483 667 1483 665 1483 664 1483 663 1483 646 1496 622 1483 621 1483 577 1483 576 1483 574 1483 573 1483 564 1491 539 1483 538 1483 536 1483 535 1483 534 1483 512 1498 433 1492 432 1492 371 1500 373 1526"/></Shape>
	    <String CONTENT="viaje á Borbon. La demora habia sido"
                    HPOS="371.0"
                    VPOS="1480.0"
                    WIDTH="1046.0"
                    HEIGHT="63.0"></String>
          </TextLine>
          <TextLine ID="line_19"
                    TAGREFS="LT8"
                    BASELINE="370 1597 1418 1593" 
                    HPOS="369.0"
                    VPOS="1551.0"
                    WIDTH="1049.0"
                    HEIGHT="63.0">
            <Shape><Polygon POINTS="370 1597 370 1605 613 1614 614 1614 661 1605 663 1605 669 1605 938 1611 940 1611 941 1611 969 1604 970 1604 971 1604 1035 1611 1036 1611 1037 1611 1065 1603 1068 1603 1069 1603 1078 1609 1079 1609 1081 1609 1082 1609 1210 1603 1222 1603 1225 1603 1251 1611 1252 1611 1346 1612 1347 1612 1417 1601 1418 1593 1417 1566 1389 1551 1388 1551 1387 1551 1385 1551 1359 1564 1306 1564 1288 1551 1287 1551 1285 1551 1284 1551 1248 1559 1235 1551 1234 1551 1232 1551 1231 1551 1230 1551 1228 1551 1211 1566 1194 1566 1173 1551 1172 1551 1170 1551 1116 1551 1115 1551 1114 1551 1112 1551 1094 1566 1068 1566 1047 1552 1045 1552 1044 1552 979 1552 978 1552 977 1552 975 1552 958 1567 940 1567 850 1552 849 1552 792 1566 764 1558 763 1558 762 1558 760 1558 742 1567 561 1567 541 1554 540 1554 539 1554 510 1554 509 1554 507 1554 481 1564 391 1562 390 1562 389 1562 369 1568 370 1597"/></Shape>
	    <String CONTENT="causada por una rotura del cable telegrá¬"
                    HPOS="369.0"
                    VPOS="1551.0"
                    WIDTH="1049.0"
                    HEIGHT="63.0"></String>
          </TextLine>
          <TextLine ID="line_20"
                    TAGREFS="LT8"
                    BASELINE="370 1670 1416 1667" 
                    HPOS="369.0"
                    VPOS="1621.0"
                    WIDTH="1047.0"
                    HEIGHT="65.0">
            <Shape><Polygon POINTS="370 1670 370 1676 445 1683 447 1683 448 1683 449 1683 457 1678 460 1676 627 1676 675 1679 801 1686 803 1686 868 1679 919 1675 927 1680 933 1684 934 1684 936 1684 937 1686 970 1686 970 1684 971 1684 973 1684 978 1680 986 1675 1161 1675 1177 1682 1186 1684 1188 1684 1189 1684 1190 1684 1199 1682 1217 1675 1260 1682 1264 1682 1265 1682 1268 1682 1296 1675 1304 1682 1306 1684 1308 1684 1309 1684 1310 1684 1414 1682 1416 1667 1413 1638 1312 1638 1312 1637 1290 1621 1289 1621 1288 1621 1287 1621 1285 1621 1248 1637 1248 1638 1188 1638 1188 1637 1152 1621 1151 1621 1076 1621 1074 1621 1073 1621 1072 1621 1060 1630 1028 1621 1027 1621 1025 1621 1024 1621 1023 1621 1002 1637 903 1632 901 1632 787 1637 764 1638 763 1637 743 1622 742 1622 741 1622 739 1622 738 1622 705 1632 693 1622 692 1622 690 1622 631 1622 630 1622 628 1622 627 1622 605 1637 603 1638 599 1637 547 1622 545 1622 544 1622 543 1622 541 1622 524 1636 482 1637 458 1638 453 1637 386 1622 385 1622 383 1622 382 1622 369 1633 370 1670"/></Shape>
	    <String CONTENT="fico entre Madagascar y el Cabo, así que,"
                    HPOS="369.0"
                    VPOS="1621.0"
                    WIDTH="1047.0"
                    HEIGHT="65.0"></String>
          </TextLine>
          <TextLine ID="line_21"
                    TAGREFS="LT8"
                    BASELINE="370 1738 1420 1736" 
                    HPOS="369.0"
                    VPOS="1692.0"
                    WIDTH="1051.0"
                    HEIGHT="54.0">
            <Shape><Polygon POINTS="370 1738 370 1746 1418 1744 1420 1736 1417 1708 1377 1707 1355 1692 1354 1692 1352 1692 1351 1692 1350 1692 1314 1705 1298 1692 1297 1692 1296 1692 1277 1692 1276 1692 1275 1692 1273 1692 1254 1707 1254 1708 1091 1708 1090 1707 1069 1692 1068 1692 1066 1692 1065 1692 1064 1692 1029 1707 1028 1708 961 1708 959 1707 940 1692 938 1692 937 1692 913 1692 912 1692 911 1692 909 1692 892 1707 890 1708 825 1707 764 1705 748 1694 747 1694 746 1694 745 1694 743 1694 694 1707 688 1708 685 1707 661 1694 660 1694 659 1694 658 1694 631 1707 627 1709 602 1709 598 1707 581 1694 580 1694 578 1694 524 1694 523 1694 522 1694 520 1694 503 1707 424 1707 407 1694 406 1694 404 1694 382 1694 381 1694 379 1694 378 1694 378 1695 369 1701 370 1738"/></Shape>
	    <String CONTENT="favorable ó adversa, la noticia no habia"
                    HPOS="369.0"
                    VPOS="1692.0"
                    WIDTH="1051.0"
                    HEIGHT="54.0"></String>
          </TextLine>
          <TextLine ID="line_22"
                    TAGREFS="LT8"
                    BASELINE="375 1811 1416 1806" 
                    HPOS="374.0"
                    VPOS="1761.0"
                    WIDTH="1042.0"
                    HEIGHT="68.0">
            <Shape><Polygon POINTS="375 1811 375 1829 437 1817 522 1824 523 1824 524 1824 539 1817 605 1817 627 1827 632 1828 634 1828 635 1828 650 1827 709 1816 771 1824 774 1824 775 1824 776 1824 778 1824 787 1816 824 1823 825 1823 826 1823 828 1823 836 1816 854 1823 865 1827 866 1827 867 1827 978 1821 979 1821 981 1821 990 1815 1021 1821 1033 1823 1035 1823 1036 1823 1037 1823 1040 1820 1050 1815 1111 1820 1153 1823 1155 1823 1203 1819 1255 1814 1261 1817 1265 1821 1267 1821 1268 1821 1269 1821 1347 1817 1360 1824 1362 1824 1363 1824 1414 1815 1416 1806 1413 1778 1323 1778 1288 1761 1287 1761 1285 1761 1284 1761 1283 1761 1261 1778 1140 1778 1105 1762 1103 1762 1065 1762 1064 1762 1062 1762 1061 1762 1052 1770 1032 1762 1031 1762 1029 1762 1028 1762 1027 1762 1006 1778 878 1777 850 1763 849 1763 847 1763 846 1763 845 1763 821 1778 779 1779 758 1763 756 1763 755 1763 733 1763 731 1763 730 1763 729 1763 710 1777 642 1773 640 1773 639 1773 638 1773 628 1781 609 1765 607 1765 606 1765 565 1765 564 1765 563 1765 561 1765 539 1781 515 1765 514 1765 512 1765 443 1765 441 1765 440 1765 408 1779 382 1774 381 1774 379 1774 378 1774 378 1775 374 1778 375 1811"/></Shape>
	    <String CONTENT="podido llegar la víspera á Buenos Aires."
                    HPOS="374.0"
                    VPOS="1761.0"
                    WIDTH="1042.0"
                    HEIGHT="68.0"></String>
          </TextLine>
          <TextLine ID="line_23"
                    TAGREFS="LT8"
                    BASELINE="373 1881 1420 1877" 
                    HPOS="371.0"
                    VPOS="1835.0"
                    WIDTH="1049.0"
                    HEIGHT="63.0">
            <Shape><Polygon POINTS="373 1881 373 1890 382 1895 383 1895 385 1895 386 1895 407 1889 408 1889 532 1889 541 1889 553 1895 555 1895 556 1895 557 1895 594 1889 605 1897 606 1897 607 1897 609 1898 648 1898 648 1897 650 1897 668 1887 807 1887 832 1887 862 1895 863 1895 865 1895 957 1889 1018 1895 1019 1895 1020 1895 1021 1895 1032 1887 1064 1893 1065 1893 1219 1886 1252 1894 1254 1894 1255 1894 1318 1886 1327 1893 1329 1893 1330 1893 1404 1894 1405 1894 1407 1894 1408 1894 1420 1885 1420 1877 1418 1849 1380 1835 1379 1835 1377 1835 1376 1835 1345 1848 1151 1848 1149 1846 1131 1835 1130 1835 1128 1835 1127 1835 1048 1836 1047 1836 1045 1836 1033 1845 1028 1849 913 1845 843 1843 842 1843 832 1844 805 1849 778 1844 768 1843 767 1843 766 1843 764 1843 763 1844 755 1849 717 1844 676 1837 675 1837 648 1843 611 1850 547 1849 532 1841 522 1837 520 1837 519 1837 518 1837 502 1841 479 1848 454 1841 439 1837 437 1837 436 1837 371 1840 373 1881"/></Shape>
	    <String CONTENT="Nuestros jovenes esposos, felices con este"
                    HPOS="371.0"
                    VPOS="1835.0"
                    WIDTH="1049.0"
                    HEIGHT="63.0"></String>
          </TextLine>
          <TextLine ID="line_24"
                    TAGREFS="LT8"
                    BASELINE="371 1949 1417 1947" 
                    HPOS="370.0"
                    VPOS="1906.0"
                    WIDTH="1047.0"
                    HEIGHT="54.0">
            <Shape><Polygon POINTS="371 1949 371 1960 1417 1957 1417 1947 1414 1919 1314 1919 1280 1906 1279 1906 1277 1906 1276 1906 1275 1906 1259 1919 1161 1919 1118 1906 1116 1906 1056 1906 1054 1906 1053 1906 1052 1906 1036 1919 1006 1919 925 1906 924 1906 923 1906 891 1920 665 1920 647 1907 646 1907 644 1907 613 1907 611 1907 610 1907 609 1907 597 1918 570 1907 569 1907 568 1907 519 1916 472 1907 470 1907 469 1907 468 1907 457 1916 370 1920 371 1949"/></Shape>
	    <String CONTENT="incidente, la misma mañana á las seis toma¬"
                    HPOS="370.0"
                    VPOS="1906.0"
                    WIDTH="1047.0"
                    HEIGHT="54.0"></String>
          </TextLine>
        </TextBlock>
        <TextBlock HPOS="780"
                   VPOS="2189"
                   WIDTH="459"
                   HEIGHT="131"
                   ID="eSc_textblock_43eaad4f"
                   TAGREFS="BT9">
          <Shape><Polygon POINTS="780 2320 780 2189 1239 2189 1239 2320"/></Shape>
          <TextLine ID="eSc_line_fd1b7c7e"
                    TAGREFS="LT8"
                    BASELINE="830 2300 1194 2295" 
                    HPOS="827.0"
                    VPOS="2244.0"
                    WIDTH="366.0"
                    HEIGHT="73.0">
            <Shape><Polygon POINTS="829 2299 829 2307 963 2317 965 2317 967 2317 969 2317 979 2307 981 2305 1070 2305 1084 2307 1147 2317 1149 2317 1151 2317 1193 2305 1193 2293 1191 2258 1167 2244 1165 2244 1163 2244 1161 2244 1159 2244 1106 2258 983 2246 981 2246 979 2246 977 2246 977 2248 959 2266 827 2268 829 2299"/></Shape>
	    <String CONTENT="Digitized by Google"
                    HPOS="827.0"
                    VPOS="2244.0"
                    WIDTH="366.0"
                    HEIGHT="73.0"></String>
          </TextLine>
        </TextBlock>
      </PrintSpace>
    </Page>
  </Layout>
</alto>
