1729 2417
409.0 302.0 58.0 51.0 46

662.0 310.0 467.0 33.0 BUENOS AIRES EN EL AÑO 2080

370.0 436.0 1051.0 64.0 ese dia, proporcionó á D. Sebastian, que era

369.0 506.0 1046.0 61.0 entónces uno de los mejores oradores polí¬

372.0 578.0 1048.0 61.0 ticos, la ocasion para lucirse, trazando la

372.0 644.0 1049.0 64.0 historia del Viejo Mundo, desde hacía dos

372.0 718.0 1049.0 63.0 siglos, para recordar de qué modo todas las

372.0 789.0 1050.0 62.0 naciones europeas habian llegado á adoptar

373.0 859.0 1052.0 62.0 la forma Republicana y á constituirse en

377.0 926.0 684.0 64.0 Estados Unidos de Europa.

435.0 997.0 986.0 58.0 Para edificacion de nuestros lectores va¬

374.0 1071.0 1050.0 63.0 mos á compendiar lo mas breve que poda¬

377.0 1145.0 1049.0 59.0 mos, los grandes rasgos de esta interesante

378.0 1228.0 334.0 39.0 conversacion.

857.0 1365.0 99.0 69.0 IV.

444.0 1493.0 986.0 64.0 Cien años despues de la primera Revo¬

384.0 1564.0 1050.0 64.0 lucion Francesa, es decir, en 1889, dijo, el

386.0 1639.0 1047.0 62.0 arreglo de la cuestion de Oriente, produjo

389.0 1712.0 1048.0 61.0 una conflagracion general, que se podia

389.0 1780.0 1047.0 63.0 prever desde cuarenta años atrás. Despues

388.0 1849.0 1046.0 59.0 de una lucha encarnizada de dos años, In¬

392.0 1921.0 1046.0 66.0 glaterra, que tenia por aliados á la Francia

838.0 2290.0 354.0 68.0 Digitized by Google
