1726 2393
444.0 340.0 57.0 52.0 42

696.0 348.0 463.0 34.0 BUENOS AIRES EN EL AÑO 2080

402.0 475.0 1046.0 60.0 esposa, á la mujer a quien he dado mi

402.0 545.0 212.0 51.0 nombre.

461.0 608.0 985.0 63.0 D. Sebastian besó la mano de Primave¬

401.0 688.0 1048.0 57.0 ra, y, à los suaves acordes de una musica

401.0 753.0 1047.0 60.0 invisible que tocaba el himno: El Estran¬

396.0 825.0 1053.0 60.0 Jero es un hermano, obra maestra del ilustre

400.0 896.0 1050.0 65.0 compositor belga Jansens, los condujo á

401.0 967.0 1045.0 60.0 un aposento, en donde los menores deseos

402.0 1040.0 830.0 60.0 de los viajeros se habian previsto.

461.0 1112.0 991.0 59.0 Nuestros jovenes esposos descansaron

402.0 1179.0 1050.0 64.0 una hora, y al fin pudieron disfrutar de la

400.0 1251.0 1049.0 62.0 dicha de hallarse solos por un momento

401.0 1326.0 1047.0 60.0 consigo mismos. Al poco rato, dieron las

401.0 1397.0 1045.0 62.0 seis, y con el último golpe empezó á ha¬

401.0 1467.0 1047.0 59.0 cerse oir en el vestíbulo un campanilleo

401.0 1536.0 1047.0 61.0 alegre de aureo timbre; era el anuncio de

402.0 1605.0 264.0 54.0 la comida.

460.0 1673.0 985.0 64.0 El luego de mesa de D. Sebastian es

398.0 1742.0 1047.0 67.0 obra del célebre platero argentino Maguia¬

400.0 1817.0 1048.0 62.0 des; todas las piezas, de plata maciza, han

401.0 1889.0 1043.0 61.0 sido hechas con los primeros lingotes es¬

402.0 1958.0 1044.0 64.0 traidos de las minas de San Juan, de que

832.0 2265.0 361.0 70.0 Digitized by Google
