1739 2390
426.0 280.0 54.0 45.0 12

389.0 414.0 1047.0 53.0 de una carta de recomendacion para Don

389.0 481.0 1048.0 66.0 Sebastian, diputado por la Provincia, se

387.0 551.0 1047.0 62.0 hallaba en la estacion de San Cristobal,

390.0 625.0 533.0 66.0 capital de Coluguape.

449.0 694.0 989.0 64.0 Los dos viajeros llevaban el traje de

390.0 764.0 1043.0 65.0 la época: un dolman de crespó de Cór¬

393.0 839.0 1043.0 62.0 ba, unas bragas con mil pliegues, un cham¬

391.0 906.0 1049.0 63.0 bergo flexible, de anchas alas, adornado con

390.0 977.0 1050.0 63.0 una pluma de Carancho, y al hombro un

390.0 1046.0 1047.0 64.0 albornoz árabe, todo ello segun el último

390.0 1115.0 1048.0 68.0 figurin del Diario de Modas de Buenos Ai¬

390.0 1188.0 1047.0 64.0 res "La Familia", cuya publicacion cuen¬

394.0 1261.0 585.0 64.0 ta ya más de dos siglos.

453.0 1330.0 988.0 62.0 La orquesta, colocada á la cabeza del

390.0 1403.0 1047.0 65.0 convoy eléctrico, ejecutó una breve clari¬

393.0 1476.0 938.0 61.0 nada y el tren partió como una flecha.

451.0 1542.0 990.0 65.0 Apresurémonos á decir que la linea Sud-

393.0 1614.0 1051.0 62.0 Americana que atraviesa toda la República

393.0 1684.0 1048.0 66.0 Argentina, y que vá del Estrecho de Ma¬

395.0 1755.0 1045.0 66.0 gallanes á Rio-Janeiro, pasando por Bue¬

394.0 1831.0 1046.0 57.0 nos Aires y la Asuncion, es una de las

395.0 1897.0 1049.0 65.0 mejores del mundo. La velocidad media

680.0 280.0 466.0 39.0 BUENOS AIRES EN EL AÑO 2080

836.0 2260.0 353.0 78.0 Digitized by Google
