1780 2398
409.0 305.0 79.0 52.0 110

659.0 306.0 472.0 39.0 BUENOS AIRES EN EL AÑO 2080

367.0 439.0 1051.0 61.0 paseito sobre cubierta en que la orquesta

365.0 510.0 1051.0 60.0 del buque tocaba, segun costumbre diaria,

367.0 578.0 1050.0 64.0 á la salida y á la puesta del sol, los cantos

367.0 650.0 1050.0 64.0 patrióticos de todos los pueblos del mundo

377.0 728.0 397.0 55.0 –se recogieron.

422.0 792.0 990.0 63.0 A pesar de la afluencia de pasageros, los

370.0 859.0 1047.0 65.0 paquetes de la línea India á Buenos Aires

366.0 936.0 1050.0 51.0 estan dispuestos interiormente con tanta in¬

367.0 1003.0 1050.0 62.0 teligencia y tal conocimiento de lo confor¬

367.0 1073.0 1053.0 66.0 table y lo cómodo, que todos los pasageros

369.0 1147.0 1051.0 57.0 disponen de un dormitorio con una ó dos

367.0 1217.0 1051.0 61.0 camas, precedido de un saloncito coqueto,

369.0 1285.0 1052.0 63.0 adornado con flores y fotografías coloreadas

374.0 1357.0 1050.0 61.0 que representan las mas bellas vistas de

371.0 1426.0 1051.0 54.0 ambos hemisferios. El sueño, á bordo, es

373.0 1498.0 1051.0 64.0 siempre tranquilo, pues no llega á oido de

374.0 1570.0 1047.0 60.0 los pasageros ninguno ruido de máquinas

373.0 1635.0 1048.0 62.0 ni de hélice, debido á un sistema de enca¬

375.0 1711.0 1047.0 63.0 pullamiento con cautchuc muy grueso que

375.0 1781.0 1049.0 60.0 rodea todos los camarotes, los aposentos de

375.0 1851.0 1045.0 62.0 las máquinas y los tubos que contienen las

377.0 1919.0 1043.0 64.0 hélices. Desde hace mucho tiempo el vai¬

828.0 2266.0 370.0 80.0 Digitized by Google
