1712 2391
402.0 274.0 36.0 48.0 8

362.0 405.0 1056.0 61.0 vador, ha escrito un libro, al que ha dado el

368.0 478.0 1050.0 61.0 título que lleva este artículo, y el que nos hace

365.0 552.0 1049.0 60.0 suponer que el atrevido viajero del pensamiento,

364.0 619.0 1050.0 65.0 no satisfecho con el espectáculo que hoy le pre¬

365.0 689.0 1054.0 62.0 Senta la bulliciosa y alegre BUENOS AIRES DEL

369.0 758.0 1045.0 65.0 79, se ha ido hasta el año 2080, suponiendo,

366.0 832.0 1053.0 63.0 ideando, imaginando lo que será en aquella

365.0 907.0 307.0 60.0 época remota.

428.0 976.0 990.0 61.0 Estas cosas son muy propias del vuelo pinto¬

368.0 1050.0 1048.0 59.0 resco y caprichoso de la imaginacion francesa,

368.0 1118.0 1047.0 57.0 ESA AURORA ETERNA que brilla sobre los mundos,

368.0 1187.0 1052.0 61.0 como el faro que conduce á la humanidad á la

369.0 1259.0 990.0 62.0 conquista definitiva de sus grandes destinos.

430.0 1327.0 989.0 65.0 Bien venido sea el libro del ilustrado y sim¬

369.0 1400.0 824.0 63.0 pático escritor francés, señor Sioen!

435.0 1469.0 987.0 65.0 Ya está en prensa, y ha tenido la feliz idea

369.0 1540.0 1049.0 64.0 de dedicarlo al hijo del francés mas querido y

370.0 1612.0 1048.0 65.0 respetado que habitó estos paises: á don Anto¬

369.0 1684.0 413.0 54.0 nino Cambaceres!

430.0 1753.0 990.0 64.0 Bajo la sombra que dá ese árbol, el interés

368.0 1826.0 1055.0 68.0 que despertará el libro, y la proteccion de la

369.0 1903.0 509.0 60.0 prensa, HARÁ CAMINO.

653.0 278.0 470.0 35.0 BUENOS AIRES EN EL AÑO 2080

837.0 2263.0 354.0 68.0 Digitized by Google
