1740 2411
427.0 312.0 63.0 50.0 26

685.0 310.0 464.0 43.0 BUENOS AIRES EN EL AÑO 2080

393.0 439.0 1045.0 64.0 1910: libró á la humanidad de la fiebre

393.0 514.0 1044.0 55.0 amarilla y del cólera." Los héroes moder¬

393.0 586.0 1045.0 62.0 nos (2080) no reciben semejantes honores

391.0 657.0 1047.0 63.0 sinó por tales servicios. En tiempos pasa¬

393.0 727.0 1045.0 57.0 dos preciso era matar muchísimos hombres,

392.0 800.0 1047.0 58.0 llamados enemigos, para merecer un monu¬

392.0 869.0 1047.0 59.0 mento y una inscripcion. Ahora la memo¬

392.0 936.0 1046.0 63.0 ria de los grandes matadores de hombres,

395.0 1011.0 1042.0 59.0 de los carniceros heróicos, se arroja y en¬

397.0 1078.0 1046.0 64.0 trega al ódio público, y los nombres de

395.0 1146.0 1050.0 68.0 los Césares, Napoleones y Guillermos son

396.0 1221.0 706.0 58.0 execrados del mundo entero.

456.0 1293.0 987.0 61.0 Despues de una parada de cinco minutos,

399.0 1363.0 1047.0 62.0 volvió el tren á tomar su vuelo. Algunos

397.0 1435.0 1048.0 59.0 artistas italianos, que subieron en la esta¬

396.0 1502.0 1050.0 65.0 cion de Tapalqué, dieron un concierto en el

400.0 1575.0 1043.0 60.0 teatro del tren: hubo gran concurrencia,

403.0 1647.0 1042.0 59.0 pues la entrada no costaba sinó 40 francos.

400.0 1713.0 1047.0 59.0 El ilustre señor Carabelli, de Florencia, can¬

401.0 1789.0 1048.0 62.0 tó la cavatina de la opera que produce en

400.0 1859.0 1047.0 55.0 este momento un fanatismo en todo el mun¬

400.0 1927.0 1049.0 66.0 do: Lo que dice la mar. Este gran artista

835.0 2282.0 362.0 72.0 Digitized by Google
