1726 2390
409.0 297.0 60.0 50.0 96

661.0 301.0 468.0 36.0 BUENOS AIRES EN EL AÑO 2080

370.0 428.0 1046.0 59.0 dera como uno de los primeros del mundo.

373.0 499.0 1038.0 61.0 Trabajos, en otro tiempo casi imposibles, y

369.0 566.0 1051.0 64.0 hoy sumamente fáciles, merced al agente

368.0 636.0 1047.0 66.0 eléctrico, con que se ha profundizado el le¬

368.0 705.0 1049.0 61.0 cho del Riachuelo y ensanchado sus orillas,

372.0 779.0 1048.0 61.0 han hecho de él un rio navegable hasta

374.0 852.0 1042.0 64.0 para buques del mayor porte–en una es¬

373.0 921.0 1051.0 60.0 tension de cinco kis. Se ha precisado un

372.0 994.0 1051.0 64.0 siglo para terminar este trabajo; pero ¿qué

373.0 1062.0 1051.0 61.0 es un siglo en la vida que el porvenir le

374.0 1132.0 1051.0 60.0 tiene reservado á Buenos Aires? Una parte

373.0 1200.0 1050.0 64.0 del antiguo barrio de la Boca y de Barra¬

374.0 1275.0 1053.0 59.0 cas ha sido transformado en puerto, y nada

374.0 1345.0 1050.0 58.0 conmueve tanto como la vista de este in¬

374.0 1416.0 1050.0 60.0 menso estanque de agua viva en que tre¬

376.0 1487.0 1047.0 59.0 molan los pabellones universales y amigos,

378.0 1557.0 1050.0 60.0 á los que sirven de marco los palacios del

377.0 1627.0 1048.0 57.0 comercio con sus cornizas de mármoles índi¬

377.0 1698.0 1048.0 59.0 cos, coronadas de estátuas de navegantes

378.0 1764.0 1047.0 57.0 ilustres. Allí está la Bolsa, edificio inmen¬

380.0 1836.0 1044.0 65.0 so de estilo Egipcio, custodiado por dos es¬

383.0 1910.0 1042.0 63.0 finges gigantescas, símbolo misterioso que

839.0 2262.0 356.0 70.0 Digitized by Google
