1740 2378
663.0 302.0 330.0 36.0 HISTORIA VEROSIMIL

1259.0 298.0 48.0 45.0 63

305.0 430.0 1043.0 57.0 de Paris deben nuestras ciudades modernas

303.0 503.0 1047.0 55.0 esta invencion higiénica. Una luz, á la vez

307.0 574.0 1043.0 61.0 suave y brillante, inundaba las calles, las

306.0 648.0 1045.0 64.0 avenidas, los jardines y las plazas, que más

306.0 718.0 1044.0 64.0 alumbradas parecian estar que en pleno dia,

306.0 786.0 1045.0 64.0 merced á la multiplicidad de picos eléctri¬

306.0 860.0 1044.0 62.0 cos, distribuidos por doquier con profusion.

310.0 934.0 1041.0 56.0 Las tiendas, cuyas muestras eran figuradas

313.0 1002.0 1041.0 61.0 por rayos de fulgurante luz, desarrollaban

310.0 1072.0 1040.0 54.0 ante la vista deslumbrada de la muchedum¬

311.0 1144.0 1043.0 63.0 bre los tesoros de la elegancia y del lujo de

311.0 1210.0 430.0 62.0 todo el Universo.

369.0 1288.0 983.0 59.0 Enrique no prestó sinó una mediocre

309.0 1356.0 1045.0 64.0 atencion á todas esas maravillas; anhelaba

307.0 1426.0 1045.0 61.0 conocer el resultado de la entrevista que

310.0 1499.0 1041.0 59.0 debía tener con el ministro, y, sobre todo,

314.0 1572.0 1042.0 59.0 volver cuanto antes al lado de su querida

310.0 1644.0 285.0 53.0 Primavera.

369.0 1706.0 789.0 64.0 Al fin llegó á casa del Ministro.

371.0 1783.0 980.0 55.0 Las horas de recibo son de las ocho p.

311.0 1852.0 1045.0 60.0 m. hasta media noche. La audiencia tiene

314.0 1928.0 1041.0 62.0 lugar, en verano, en un vasto jardin alum¬

834.0 2249.0 351.0 69.0 Digitized by Google
