1750 2381
667.0 291.0 327.0 37.0 HISTORIA VEROSIMIL

1266.0 292.0 47.0 42.0 13

303.0 420.0 1048.0 61.0 es de 360 kis por hora. Antes se decía

301.0 490.0 1050.0 65.0 Kilómetro, hasta que el ilustre matemático

303.0 562.0 1049.0 63.0 Inglés Fletcher hubo demostrado que, en

300.0 633.0 1051.0 64.0 este siglo de viajes, un hombre, de edad de

299.0 703.0 1049.0 62.0 ochenta años, había perdido tres de su

303.0 776.0 1047.0 63.0 vida por decir kilómetro, palabra que se

301.0 846.0 1047.0 62.0 hizo tan usual desde que se adoptó el sis¬

304.0 918.0 1046.0 60.0 tema métrico Francés por todos los pueblos

301.0 985.0 1046.0 56.0 del orbe. Los sábios Chinos miden la dis¬

301.0 1060.0 953.0 60.0 tancia por lí, desde tiempo immemorial.

361.0 1129.0 989.0 60.0 El convoy de la línea Sud-Americana

299.0 1199.0 1048.0 61.0 arrebata en su vuelo, á impulsos de la elec¬

297.0 1268.0 1050.0 65.0 tricidad, cinco mil viajeros. Un lindo cor¬

296.0 1342.0 1050.0 61.0 redor acapullado lo atraviesa en toda su

297.0 1415.0 1050.0 63.0 longitud y comunica, por intérvalos, con

300.0 1488.0 1042.0 58.0 varias piezas notoriamente indispensables,

301.0 1558.0 1046.0 51.0 Visto el estado de nuestra civilizacion: una

296.0 1625.0 1047.0 64.0 sala para baños, una biblioteca, una capilla,

297.0 1698.0 1037.0 62.0 un gabinete de lectura, un salon de juego,

297.0 1768.0 1043.0 62.0 un teatro, una fonda, un café. Hay tam¬

299.0 1839.0 1047.0 60.0 bien dos bazares de toilette ó tocador en

297.0 1910.0 1046.0 63.0 donde viajeros y viajeras hallan toda cla¬

836.0 2250.0 351.0 79.0 Digitized by Google
