1744 2385
659.0 347.0 329.0 37.0 HISTORIA VEROSIMIL

1261.0 343.0 50.0 45.0 41

304 474 1045 61 uno de los convidados se hacía esperar.

303.0 541.0 1047.0 59.0 Se comía mal, la comida estaba fria, se ha¬

304.0 614.0 1050.0 63.0 blaba de teatros, de carreras, á los postres.

303.0 687.0 1051.0 61.0 servian quince gotas de Champaña, durante

304.0 757.0 1047.0 59.0 la noche un convidado aficionado y con ro¬

304.0 826.0 1051.0 56.0 madizo cantaba una romanza, una señorita

304.0 894.0 1049.0 63.0 desollaba en el piano un valse de Metra ó

306.0 967.0 1048.0 63.0 de Kleyn, á las once el dueño de casa anun¬

303.0 1038.0 1054.0 65.0 ciaba á los esposos que se iba al campo ó

307.0 1110.0 696.0 62.0 de viaje dentro de tres dias.

368.0 1180.0 989.0 62.0 En cuanto Enrique y su esposa se hicie¬

306.0 1248.0 1055.0 66.0 ron anunciar, llegó D. Sebastian, tomó la

307.0 1321.0 1051.0 66.0 carta, leyóla, é inclinándose ante ellos les

310.0 1388.0 135.0 72.0 dijo:

376.0 1460.0 986.0 55.0 –Bienvenidos sean Vds.; están Vds. en

308.0 1538.0 1051.0 57.0 su casa; mi señora, que se encuentra en

308.0 1601.0 1056.0 63.0 nuestra Estancia "Las Negras," sentirá

308.0 1673.0 1056.0 62.0 muchísimo no haberse hallado aquí para

311.0 1746.0 253.0 56.0 recibirlos.

373.0 1813.0 989.0 64.0 Enrique estrechó la mano de este hués¬

314.0 1882.0 535.0 72.0 ped amable y le dijo:

412.0 1958.0 952.0 63.0 –Presento á Vd. á mi muy querida

833.0 2255.0 352.0 70.0 Digitized by Google
