1778 2390
428.0 278.0 52.0 44.0 78

677.0 277.0 468.0 35.0 BUENOS AIRES EN EL AÑO 2080

443.0 404.0 991.0 64.0 En cuanto á la máquina de imprimir

385.0 478.0 1046.0 63.0 puede sacar 500 ejemplares por minuto,

382.0 545.0 1050.0 64.0 30,000 por hora, que salen de la prensa en¬

383.0 617.0 1049.0 61.0 cuadernados á la rústica. Siempre es el

383.0 691.0 1051.0 57.0 antiguo sistema Marinoni al que nuestros

383.0 759.0 1052.0 61.0 modernos mecáncos han hecho algunas pe¬

385.0 829.0 872.0 64.0 queñas modificaciones y agregados.

440.0 901.0 998.0 61.0 Nuestros jóvenes esposos no se entretu¬

389.0 973.0 1054.0 58.0 vieron mucho de política: tenian otras mil

386.0 1040.0 1054.0 63.0 cosas que hacer. Despues de haber dado

387.0 1112.0 1048.0 64.0 gracias á Dios por las mercedes que les con¬

385.0 1184.0 1050.0 58.0 cediera en ese dia, entraron en el aposento

386.0 1253.0 596.0 61.0 destinado para el sueño.

873.0 1406.0 108.0 59.0 VII

450.0 1530.0 990.0 68.0 Al dia siguiente, Sebastian madrugó mu¬

389.0 1605.0 1051.0 58.0 cho para hacerles ver á Buenos Aires á los

395.0 1680.0 523.0 59.0 dos jóvenes viajeros.

455.0 1746.0 987.0 67.0 Un lindo y pequeño carruaje de paseo

394.0 1819.0 1049.0 61.0 les esperaba ante la puerta de la casa; era

398.0 1893.0 1042.0 61.0 una verdadera joya, liviano como una ma¬

825.0 2260.0 372.0 72.0 Digitized by Google
