1763 2380
690.0 318.0 331.0 35.0 HISTORIA VEROSIMIL

1289.0 319.0 53.0 38.0 99

395.0 442.0 988.0 65.0 Debido á su situacion topográfica, á la

333.0 516.0 1047.0 61.0 industria de sus hijos y los restos de Agri¬

334.0 589.0 1050.0 61.0 cultura práctica, el suelo argentino produ¬

333.0 659.0 1042.0 60.0 ce actualmente las legumbres, los granos y

333.0 727.0 1053.0 61.0 las frutas de casi todas las latitudes, y en

335.0 802.0 1049.0 62.0 proporciones cien veces mayores de lo que

334.0 871.0 1050.0 62.0 precisa. En otros tiempos, cuando Buenos

334.0 944.0 1050.0 56.0 Aires era, para todo, tributario de otros

335.0 1014.0 1048.0 63.0 países, apenas algunos centenares de bu¬

335.0 1085.0 1052.0 61.0 ques surcaban tristemente su inmensa rada

335.0 1155.0 1051.0 60.0 solitaria; ahora, más de veinte mil buques

335.0 1229.0 1051.0 57.0 estan continuamente ocupados en cargar

335.0 1299.0 1052.0 58.0 en nuestro puerto las riquezas agrícolas de

335.0 1369.0 1049.0 60.0 nuestro suelo para transportar por el mun¬

338.0 1437.0 1049.0 58.0 do entero la superabundancia de nuestra

339.0 1506.0 1047.0 60.0 produccion. Estos resultados admirables se

338.0 1573.0 1045.0 62.0 deben á la cordura y estabilidad de nues¬

341.0 1651.0 1046.0 57.0 tros gobiernos, que han venido sucedien¬

338.0 1716.0 1048.0 61.0 dose desde hace doscientos años, á los de¬

338.0 1786.0 1048.0 62.0 cretos de 1907 acerca del Celibato, y sobre

341.0 1856.0 1043.0 66.0 todo al ámplio estímulo dado á la inmigra¬

339.0 1927.0 1045.0 66.0 cion desde el año 1880. En esta época,

837.0 2253.0 352.0 67.0 Digitized by Google
