1707 2378
638.0 289.0 329.0 33.0 HISTORIA VEROSIMIL

1240.0 286.0 45.0 46.0 57

277.0 414.0 1050.0 56.0 tro mil elefantes. En esa misma mañana,

278.0 480.0 1051.0 69.0 Lagerie habría, pues, doblado el polo, der¬

276.0 557.0 1053.0 55.0 ritiendo los hielos, esos bancos congelados,

276.0 628.0 1053.0 61.0 contemporáneos de la creacion. Los tripu¬

277.0 696.0 1053.0 62.0 lantes no habian sufrido nada con el frio,

278.0 767.0 1056.0 54.0 merced á la calorosa atmósfera artificial

278.0 841.0 1057.0 58.0 con que la ciencia eléctrica ha envuelto á

281.0 910.0 1053.0 61.0 la Ville de Paris. Las ventajas que el

278.0 988.0 1055.0 55.0 mundo espera de esta navegacion son in¬

280.0 1052.0 1051.0 63.0 calculables, sobre todo la astronomía, que

285.0 1126.0 1048.0 60.0 va á dar un paso gigantesco en el infinito.

343.0 1198.0 991.0 58.0 Como noticia de postre, anunciaron, en

281.0 1264.0 1053.0 67.0 seguida, que Ty Hoang, el Celeste Empe¬

281.0 1336.0 1054.0 53.0 rador de la China, había contraido matri¬

281.0 1408.0 1054.0 61.0 monio, á las dos y media de aquel mismo

281.0 1478.0 1056.0 63.0 dia, con una jóven Porteña, que la víspera

281.0 1544.0 1057.0 66.0 llegara á la Ciudad de Pekin, adonde la

282.0 1623.0 1055.0 58.0 enviara la grande Agencia matrimonial de

281.0 1691.0 1056.0 60.0 Buenos Aires. Acababa de celebrarse la

281.0 1763.0 1057.0 62.0 ceremonia nupcial en el palacio Imperial

281.0 1829.0 1056.0 65.0 de Tsu–Kin-Tching. Primavera vino á

281.0 1906.0 1048.0 61.0 saber de este modo y con asombro ingé¬

836.0 2249.0 363.0 73.0 Digitized by Google
