1729 2388
436.0 322.0 58.0 42.0 82

690.0 327.0 465.0 33.0 BUENOS AIRES EN EL AÑO 2080

398.0 449.0 1047.0 63.0 bonitos carruajes de 8 asientos llamados

396.0 521.0 1046.0 66.0 golondrinas, cómodos, coquetos, sobre fle¬

398.0 590.0 1047.0 65.0 xibles muelles y de pequeño bulto. Su tra¬

402.0 664.0 1039.0 63.0 yecto es siempre directo de uno á otro es¬

399.0 732.0 1048.0 56.0 tremo de cada calle; una calle está destinada

399.0 806.0 1046.0 62.0 á los tramways que suben, su vecina á los

400.0 876.0 1043.0 64.0 que bajan. El número de estos carruages

399.0 945.0 1044.0 63.0 es incalculable, si se recapacita que la sali¬

399.0 1018.0 1048.0 59.0 da de cada carruage se efectua de dos en

399.0 1087.0 1047.0 61.0 dos minutos. Sin embargo, el órden del

399.0 1158.0 1048.0 61.0 desfile á derecha é izquierda se observa tan

402.0 1232.0 1045.0 60.0 perfectamente que casi nunca sucede un

402.0 1305.0 1044.0 58.0 aglomerainiento y jamás ningun accidente.

457.0 1371.0 990.0 63.0 Por otra parte, hay en las encrucijadas

400.0 1444.0 1050.0 60.0 las más peligrosas, puentes de fierro con

400.0 1515.0 1046.0 61.0 pasamanos plateados, livianos y con recor¬

400.0 1577.0 1047.0 58.0 tes que semejan inmensas colgaduras de

399.0 1646.0 1050.0 60.0 encajes, los que, apoyándose en los cuatro

399 1714 1048 61 ángulos de las calles, permiten á los tran¬

382 1777 1060 65 seuntes atravesar las calzadas, al abrigo de

399.0 1856.0 1048.0 59.0 los carruajes. Las escaleras tienen dos me¬

400.0 1924.0 1049.0 64.0 tros de anchura, mitad para los que suben

836.0 2260.0 355.0 68.0 Digitized by Google
