1726 2381
665.0 298.0 331.0 36.0 HISTORIA VEROSIMIL

1269.0 300.0 45.0 41.0 69

804.0 497.0 72.0 59.0 VI

366.0 638.0 996.0 63.0 Al entrar en la casa hospitalaria, en la

315.0 714.0 1049.0 61.0 que le esperaban para dar comienzo á la

308.0 785.0 1056.0 58.0 funcion dramática, Enrique anunció á su

308.0 854.0 1055.0 62.0 esposa la gran noticia, la que dió muestras

307.0 925.0 1056.0 64.0 de una loca alegría, pues el rango á que

308.0 997.0 1051.0 59.0 había recien sido elevado su esposo le per¬

307.0 1068.0 1056.0 59.0 mitía usar un vestido muy sencillo, sin

311.0 1140.0 628.0 58.0 adorno de ninguna clase.

369.0 1206.0 993.0 62.0 Los habitantes de Buenos Aires, que no

309.0 1283.0 1055.0 58.0 tienen cómo proporcionarse el lujo de un

308.0 1351.0 1055.0 59.0 teatro particular, se contentan con un abo¬

307.0 1419.0 1057.0 63.0 no en la Compañia General grafo-telefó¬

307.0 1492.0 1055.0 59.0 nica, que envía á domicilio los sonidos de

309.0 1562.0 1054.0 62.0 todos los teatros. Los hilos grafotelefónicos

308.0 1633.0 1055.0 61.0 recorren toda la ciudad por tubos subter¬

309.0 1709.0 1053.0 58.0 rános semejantes á los que en otro tiempo

311.0 1776.0 1053.0 61.0 servían para canalizar el gas del alumbrado.

311.0 1845.0 1053.0 62.0 El suscritor engancha su hilo particular en

312.0 1916.0 1047.0 65.0 el de la Compañía, le aplica un micrófono,

832.0 2252.0 369.0 69.0 Digitized by Google
