<?xml version="1.0" encoding="UTF-8"?>
<alto xmlns:xsi="http://www.w3.org/2001/XMLSchema-instance"
      xmlns="http://www.loc.gov/standards/alto/ns-v4#"
      xsi:schemaLocation="http://www.loc.gov/standards/alto/ns-v4# http://www.loc.gov/standards/alto/v4/alto-4-2.xsd">
  <Description>
    <MeasurementUnit>pixel</MeasurementUnit>
    <sourceImageInformation>
      <fileName>29432293.png</fileName>
    </sourceImageInformation>
  </Description>
  <Tags>
    <OtherTag ID="BT7" LABEL="CustomZone" DESCRIPTION="block type CustomZone"/><OtherTag ID="BT8" LABEL="DamageZone" DESCRIPTION="block type DamageZone"/><OtherTag ID="BT9" LABEL="DigitizationArtefactZone" DESCRIPTION="block type DigitizationArtefactZone"/><OtherTag ID="BT10" LABEL="DropCapitalZone" DESCRIPTION="block type DropCapitalZone"/><OtherTag ID="BT11" LABEL="GraphicZone" DESCRIPTION="block type GraphicZone"/><OtherTag ID="BT12" LABEL="MainZone" DESCRIPTION="block type MainZone"/><OtherTag ID="BT13" LABEL="MarginTextZone" DESCRIPTION="block type MarginTextZone"/><OtherTag ID="BT14" LABEL="MusicZone" DESCRIPTION="block type MusicZone"/><OtherTag ID="BT15" LABEL="NumberingZone" DESCRIPTION="block type NumberingZone"/><OtherTag ID="BT17" LABEL="QuireMarksZone" DESCRIPTION="block type QuireMarksZone"/><OtherTag ID="BT18" LABEL="RunningTitleZone" DESCRIPTION="block type RunningTitleZone"/><OtherTag ID="BT19" LABEL="SealZone" DESCRIPTION="block type SealZone"/><OtherTag ID="BT20" LABEL="StampZone" DESCRIPTION="block type StampZone"/><OtherTag ID="BT21" LABEL="TableZone" DESCRIPTION="block type TableZone"/><OtherTag ID="BT22" LABEL="TitlePageZone" DESCRIPTION="block type TitlePageZone"/><OtherTag ID="BT27" LABEL="DigitizationArtifactZone" DESCRIPTION="block type DigitizationArtifactZone"/><OtherTag ID="BT28" LABEL="CustomZone:Numbering" DESCRIPTION="block type CustomZone:Numbering"/><OtherTag ID="BT29" LABEL="NumberingZone:page" DESCRIPTION="block type NumberingZone:page"/><OtherTag ID="BT30" LABEL="NumberingZone:folio" DESCRIPTION="block type NumberingZone:folio"/>
    <OtherTag ID="LT7" LABEL="CustomLine" DESCRIPTION="line type CustomLine"/><OtherTag ID="LT8" LABEL="DefaultLine" DESCRIPTION="line type DefaultLine"/><OtherTag ID="LT9" LABEL="DropCapitalLine" DESCRIPTION="line type DropCapitalLine"/><OtherTag ID="LT10" LABEL="HeadingLine" DESCRIPTION="line type HeadingLine"/><OtherTag ID="LT11" LABEL="InterlinearLine" DESCRIPTION="line type InterlinearLine"/><OtherTag ID="LT12" LABEL="MusicLine" DESCRIPTION="line type MusicLine"/>
  </Tags>
  <Layout>
    <Page WIDTH="1717"
          HEIGHT="2383"
          PHYSICAL_IMG_NR="48"
          ID="eSc_dummypage_">
      <PrintSpace HPOS="0"
                  VPOS="0"
                  WIDTH="1717"
                  HEIGHT="2383">
        <TextBlock HPOS="632.0"
                   VPOS="292.0"
                   WIDTH="338.0"
                   HEIGHT="40.0"
                   ID="block_0"
                   TAGREFS="BT18">
          <Shape><Polygon POINTS="970 292 970 332 632 332 632 292"/></Shape>
          <TextLine ID="line_0"
                    TAGREFS="LT8"
                    BASELINE="639 316 964 321" 
                    HPOS="638.0"
                    VPOS="292.0"
                    WIDTH="326.0"
                    HEIGHT="40.0">
            <Shape><Polygon POINTS="639 316 638 328 961 332 964 321 963 297 639 292 639 316"/></Shape>
	    <String CONTENT="HISTORIA VEROSIMIL"
                    HPOS="638.0"
                    VPOS="292.0"
                    WIDTH="326.0"
                    HEIGHT="40.0"></String>
          </TextLine>
        </TextBlock>
        <TextBlock HPOS="1230.0"
                   VPOS="291.0"
                   WIDTH="69.0"
                   HEIGHT="47.0"
                   ID="block_3"
                   TAGREFS="BT29">
          <Shape><Polygon POINTS="1299 291 1299 338 1230 338 1230 291"/></Shape>
          <TextLine ID="line_17"
                    TAGREFS="LT8"
                    BASELINE="1242 329 1283 327" 
                    HPOS="1240.0"
                    VPOS="299.0"
                    WIDTH="43.0"
                    HEIGHT="38.0">
            <Shape><Polygon POINTS="1242 329 1242 337 1283 336 1283 327 1279 299 1240 300 1242 329"/></Shape>
	    <String CONTENT="49"
                    HPOS="1240.0"
                    VPOS="299.0"
                    WIDTH="43.0"
                    HEIGHT="38.0"></String>
          </TextLine>
        </TextBlock>
        <TextBlock HPOS="258.0"
                   VPOS="417.0"
                   WIDTH="1081.0"
                   HEIGHT="1563.0"
                   ID="block_1"
                   TAGREFS="BT12">
          <Shape><Polygon POINTS="1339 417 1339 1980 258 1980 258 417"/></Shape>
          <TextLine ID="line_1"
                    TAGREFS="LT8"
                    BASELINE="272 469 1326 475" 
                    HPOS="271.0"
                    VPOS="430.0"
                    WIDTH="1055.0"
                    HEIGHT="58.0">
            <Shape><Polygon POINTS="272 469 271 476 286 485 287 485 288 485 290 487 341 487 341 485 343 485 344 485 353 477 385 485 386 485 388 485 425 477 537 485 539 485 598 479 637 485 638 485 639 485 641 485 651 479 663 487 665 487 666 487 667 487 761 479 832 487 833 487 881 480 919 487 920 487 922 487 944 480 1167 488 1168 488 1324 481 1326 475 1324 446 1242 438 1241 438 1106 444 1085 444 1079 444 1033 432 1032 432 972 443 971 443 944 432 943 432 919 432 918 432 916 432 915 432 902 443 900 443 841 443 680 440 666 431 665 431 663 431 605 431 604 431 602 431 573 442 571 442 422 442 421 440 404 430 402 430 401 430 370 430 369 430 368 430 366 430 353 440 352 440 272 440 272 469"/></Shape>
	    <String CONTENT="cia de varios Papas–en 4 años murieron"
                    HPOS="271.0"
                    VPOS="430.0"
                    WIDTH="1055.0"
                    HEIGHT="58.0"></String>
          </TextLine>
          <TextLine ID="line_2"
                    TAGREFS="LT8"
                    BASELINE="274 540 1324 545" 
                    HPOS="272.0"
                    VPOS="496.0"
                    WIDTH="1052.0"
                    HEIGHT="67.0">
            <Shape><Polygon POINTS="274 540 272 549 283 556 284 556 286 556 287 556 397 549 412 560 413 560 414 560 416 561 447 561 447 560 449 560 450 560 465 549 535 549 572 557 573 557 711 550 884 562 886 562 998 552 1061 563 1062 563 1323 552 1324 545 1324 516 1295 500 1294 500 1293 500 1255 508 1218 500 1217 500 1216 500 1214 500 1198 512 1164 514 1152 514 1047 514 1046 513 1025 499 1024 499 1022 499 1021 499 953 512 945 514 865 514 861 512 843 499 842 499 841 499 839 499 838 499 800 511 794 513 764 513 760 511 743 497 741 497 740 497 739 497 737 497 690 509 684 511 683 509 667 497 666 497 665 497 663 497 604 509 586 512 581 508 564 497 563 497 561 497 560 497 521 505 488 496 487 496 486 496 484 496 483 496 468 508 463 512 321 512 311 505 290 496 288 496 287 496 286 496 284 496 274 503 274 540"/></Shape>
	    <String CONTENT="tres–y de los Cardenales, por lo general de"
                    HPOS="272.0"
                    VPOS="496.0"
                    WIDTH="1052.0"
                    HEIGHT="67.0"></String>
          </TextLine>
          <TextLine ID="line_3"
                    TAGREFS="LT8"
                    BASELINE="271 611 1322 614" 
                    HPOS="270.0"
                    VPOS="571.0"
                    WIDTH="1052.0"
                    HEIGHT="60.0">
            <Shape><Polygon POINTS="271 611 270 619 341 630 343 631 380 631 380 630 381 630 382 630 393 622 673 622 797 631 798 631 884 623 1045 631 1046 631 1047 631 1049 631 1063 623 1299 630 1300 630 1302 630 1320 622 1322 614 1320 585 1233 573 1232 573 1230 573 1229 573 1217 583 1164 583 1145 583 1144 583 1131 573 1130 573 1128 573 1098 573 1096 573 1095 573 1094 573 1082 583 1081 585 1036 585 1034 583 1010 573 1009 573 1008 573 1006 573 985 583 984 585 804 585 800 583 765 571 764 571 763 571 719 578 676 571 675 571 674 571 650 582 650 583 627 583 626 582 613 571 612 571 610 571 609 571 524 582 519 582 271 582 271 611"/></Shape>
	    <String CONTENT="muy avanzada edad para resistir al cambio"
                    HPOS="270.0"
                    VPOS="571.0"
                    WIDTH="1052.0"
                    HEIGHT="60.0"></String>
          </TextLine>
          <TextLine ID="line_4"
                    TAGREFS="LT8"
                    BASELINE="271 681 1323 685" 
                    HPOS="270.0"
                    VPOS="643.0"
                    WIDTH="1053.0"
                    HEIGHT="58.0">
            <Shape><Polygon POINTS="271 681 270 688 300 699 302 699 303 699 304 699 339 691 380 699 381 700 635 700 635 699 637 699 638 699 646 692 655 700 657 700 658 700 659 700 873 692 882 699 883 699 884 699 1033 701 1034 701 1036 701 1054 693 1244 701 1245 701 1286 693 1304 701 1306 701 1307 701 1308 701 1310 701 1322 692 1323 685 1322 659 1224 651 1222 651 1108 656 1077 657 1073 656 1059 646 1058 646 1057 646 1055 646 1054 646 1021 655 915 650 914 650 912 650 911 650 904 655 904 656 902 655 896 650 895 650 894 650 892 650 891 650 881 655 875 656 822 655 821 654 804 644 802 644 772 644 771 644 769 644 768 644 756 654 751 656 539 655 531 651 507 643 506 643 504 643 423 651 370 656 336 656 327 650 319 643 317 643 316 643 315 643 271 648 271 681"/></Shape>
	    <String CONTENT="de condiciones que les acarreó su nuevo"
                    HPOS="270.0"
                    VPOS="643.0"
                    WIDTH="1053.0"
                    HEIGHT="58.0"></String>
          </TextLine>
          <TextLine ID="line_5"
                    TAGREFS="LT8"
                    BASELINE="272 751 1322 754" 
                    HPOS="272.0"
                    VPOS="713.0"
                    WIDTH="1050.0"
                    HEIGHT="61.0">
            <Shape><Polygon POINTS="272 751 272 771 572 762 633 769 670 773 671 773 673 773 674 773 679 769 688 762 782 762 806 767 837 774 838 774 898 766 904 766 914 766 985 771 987 771 988 771 989 771 996 766 1000 763 1020 765 1103 774 1104 774 1214 771 1216 771 1217 771 1226 763 1228 763 1229 763 1290 771 1291 771 1293 771 1320 762 1322 754 1320 728 1197 726 1161 714 1160 714 1159 714 1157 714 1156 714 1145 724 1100 726 987 726 820 726 784 726 747 725 726 713 724 713 723 713 659 725 631 713 630 713 572 713 571 713 569 713 541 725 540 725 539 725 465 713 463 713 462 713 461 713 445 725 443 726 366 726 364 725 321 713 320 713 319 713 272 724 272 751"/></Shape>
	    <String CONTENT="género de vida; los negocios urgentes su¬"
                    HPOS="272.0"
                    VPOS="713.0"
                    WIDTH="1050.0"
                    HEIGHT="61.0"></String>
          </TextLine>
          <TextLine ID="line_6"
                    TAGREFS="LT8"
                    BASELINE="270 823 1320 828" 
                    HPOS="268.0"
                    VPOS="782.0"
                    WIDTH="1052.0"
                    HEIGHT="62.0">
            <Shape><Polygon POINTS="270 823 268 830 304 840 306 840 307 841 390 841 390 840 392 840 393 840 402 832 421 839 422 839 604 840 605 840 606 840 634 834 659 840 661 840 662 840 663 840 686 834 696 840 698 840 699 840 796 841 797 841 945 835 1000 843 1001 844 1177 844 1177 843 1179 843 1202 836 1304 843 1306 843 1307 843 1308 843 1319 835 1320 828 1320 799 1294 786 1293 786 1263 786 1262 786 1261 786 1259 786 1245 798 1198 786 1197 786 1196 786 1195 786 1151 798 1147 798 1037 798 1034 796 997 785 996 785 965 785 964 785 963 785 961 785 948 795 947 796 945 795 922 785 920 785 851 785 850 785 849 785 847 785 835 795 832 796 793 794 724 790 723 790 700 794 690 795 686 794 674 783 673 783 671 783 670 783 669 783 641 793 633 795 467 795 462 791 449 782 447 782 446 782 419 782 418 782 417 782 416 782 404 791 398 795 323 795 316 790 307 782 306 782 304 782 303 782 270 789 270 823"/></Shape>
	    <String CONTENT="frian demoras á causa del alejamiento de"
                    HPOS="268.0"
                    VPOS="782.0"
                    WIDTH="1052.0"
                    HEIGHT="62.0"></String>
          </TextLine>
          <TextLine ID="line_7"
                    TAGREFS="LT8"
                    BASELINE="271 894 1319 897" 
                    HPOS="270.0"
                    VPOS="851.0"
                    WIDTH="1049.0"
                    HEIGHT="62.0">
            <Shape><Polygon POINTS="271 894 270 904 275 909 275 910 276 910 278 910 279 910 325 904 347 910 348 910 349 910 651 904 669 912 670 912 671 913 814 913 814 912 816 912 817 912 825 905 845 912 846 912 847 912 899 905 972 912 973 912 975 912 998 905 1006 912 1008 912 1009 912 1010 912 1120 906 1131 913 1132 913 1134 913 1135 913 1175 905 1269 913 1270 913 1318 904 1319 897 1319 868 1290 852 1289 852 1287 852 1286 852 1266 861 1253 852 1251 852 1250 852 1249 852 1248 852 1216 867 1214 867 1124 867 1122 864 1091 852 1090 852 1089 852 1087 852 1086 852 1071 864 1065 864 957 867 941 861 915 852 914 852 912 852 911 852 910 852 899 861 891 867 883 860 870 852 869 852 867 852 846 852 845 852 843 852 829 860 814 867 756 867 744 859 733 851 732 851 731 851 729 851 728 851 703 857 696 859 687 857 654 851 653 851 651 851 650 851 643 856 633 864 621 856 614 851 613 851 612 851 588 851 586 851 585 851 584 851 578 855 568 863 541 855 528 851 527 851 525 851 524 851 523 851 519 855 503 867 442 867 396 852 389 851 388 851 386 851 385 851 384 851 382 852 363 867 315 867 296 851 295 851 294 851 271 851 271 894"/></Shape>
	    <String CONTENT="la cabeza de la Iglesia de los centros cató¬"
                    HPOS="270.0"
                    VPOS="851.0"
                    WIDTH="1049.0"
                    HEIGHT="62.0"></String>
          </TextLine>
          <TextLine ID="line_8"
                    TAGREFS="LT8"
                    BASELINE="268 966 1318 970" 
                    HPOS="267.0"
                    VPOS="921.0"
                    WIDTH="1051.0"
                    HEIGHT="62.0">
            <Shape><Polygon POINTS="268 966 267 974 386 982 388 982 492 977 504 977 1315 983 1318 970 1316 938 1191 938 1185 935 1152 924 1151 924 1149 924 1095 934 1081 937 1075 934 1055 924 1054 924 994 924 993 924 992 924 975 933 969 935 849 935 841 930 832 922 830 922 829 922 804 922 802 922 801 922 800 922 792 929 788 933 784 929 773 922 772 922 771 922 740 922 739 922 737 922 736 922 728 929 718 937 645 937 627 928 616 921 614 921 613 921 612 921 597 926 578 934 539 926 514 921 512 921 511 921 510 921 504 925 492 935 467 935 437 924 426 921 425 921 423 921 422 921 421 921 417 924 402 935 329 935 312 922 311 921 310 921 308 921 307 921 268 921 268 966"/></Shape>
	    <String CONTENT="licos; los fanáticos Judaicos y Musulmanes,"
                    HPOS="267.0"
                    VPOS="921.0"
                    WIDTH="1051.0"
                    HEIGHT="62.0"></String>
          </TextLine>
          <TextLine ID="line_9"
                    TAGREFS="LT8"
                    BASELINE="270 1037 1318 1035" 
                    HPOS="268.0"
                    VPOS="992.0"
                    WIDTH="1050.0"
                    HEIGHT="55.0">
            <Shape><Polygon POINTS="270 1037 270 1047 1316 1044 1318 1035 1315 1006 1282 1006 1266 992 1265 992 1263 992 1262 992 1261 992 1230 1003 1209 992 1208 992 1206 992 1205 992 1204 992 1188 1006 1159 1006 1140 992 1139 992 1138 992 1136 992 1135 992 1102 1006 1051 1006 1028 992 1026 992 1025 992 1024 992 994 1006 908 1006 892 992 891 992 890 992 888 992 887 992 854 1004 821 992 820 992 797 992 796 992 794 992 793 992 779 1006 776 1006 739 994 737 994 736 994 735 994 696 1006 692 1007 557 1007 556 1006 541 994 540 994 539 994 494 994 492 994 491 994 490 994 475 1006 472 1007 437 1007 434 1006 408 994 406 994 405 994 368 1000 345 994 344 994 343 994 341 994 315 1003 282 994 280 994 279 994 278 994 276 994 276 995 268 1000 270 1037"/></Shape>
	    <String CONTENT="trataban diariamente de fomentar desórde¬"
                    HPOS="268.0"
                    VPOS="992.0"
                    WIDTH="1050.0"
                    HEIGHT="55.0"></String>
          </TextLine>
          <TextLine ID="line_10"
                    TAGREFS="LT8"
                    BASELINE="268 1110 1323 1110" 
                    HPOS="268.0"
                    VPOS="1067.0"
                    WIDTH="1055.0"
                    HEIGHT="59.0">
            <Shape><Polygon POINTS="268 1110 268 1118 351 1126 352 1126 416 1120 703 1126 704 1126 771 1120 1205 1120 1307 1126 1308 1126 1310 1126 1323 1118 1323 1110 1323 1078 1289 1067 1287 1067 1286 1067 1234 1078 1181 1067 1180 1067 1179 1067 1177 1067 1161 1080 1033 1080 1000 1067 998 1067 997 1067 996 1067 994 1067 979 1080 906 1080 873 1067 871 1067 870 1067 869 1067 837 1078 804 1067 802 1067 801 1067 800 1067 773 1080 680 1080 661 1067 659 1067 658 1067 657 1067 610 1076 597 1067 596 1067 594 1067 512 1067 511 1067 510 1067 475 1078 455 1067 454 1067 453 1067 425 1067 423 1067 422 1067 377 1080 268 1080 268 1110"/></Shape>
	    <String CONTENT="nes, y los Estados protectores temian á cada"
                    HPOS="268.0"
                    VPOS="1067.0"
                    WIDTH="1055.0"
                    HEIGHT="59.0"></String>
          </TextLine>
          <TextLine ID="line_11"
                    TAGREFS="LT8"
                    BASELINE="268 1179 1318 1178" 
                    HPOS="267.0"
                    VPOS="1139.0"
                    WIDTH="1051.0"
                    HEIGHT="60.0">
            <Shape><Polygon POINTS="268 1179 268 1188 682 1188 683 1188 694 1198 695 1198 696 1198 698 1199 739 1199 739 1198 781 1188 784 1188 789 1188 881 1196 882 1196 941 1188 943 1188 955 1196 956 1196 957 1196 1102 1198 1103 1198 1171 1196 1172 1196 1173 1196 1184 1188 1195 1196 1196 1196 1197 1196 1279 1198 1281 1198 1282 1198 1318 1187 1318 1178 1315 1153 1289 1153 1273 1139 1271 1139 1270 1139 1269 1139 1267 1139 1218 1151 888 1150 854 1139 853 1139 851 1139 794 1151 707 1145 706 1145 673 1151 665 1145 663 1145 662 1145 661 1145 617 1150 498 1139 496 1139 495 1139 466 1151 441 1139 439 1139 438 1139 385 1147 345 1139 344 1139 343 1139 321 1147 276 1145 275 1145 274 1145 272 1145 272 1146 267 1150 268 1179"/></Shape>
	    <String CONTENT="instante el tener que intervenir, para sofo¬"
                    HPOS="267.0"
                    VPOS="1139.0"
                    WIDTH="1051.0"
                    HEIGHT="60.0"></String>
          </TextLine>
          <TextLine ID="line_12"
                    TAGREFS="LT8"
                    BASELINE="268 1248 1319 1253" 
                    HPOS="267"
                    VPOS="1211"
                    WIDTH="1052"
                    HEIGHT="57">
            <Shape><Polygon POINTS="267 1256 282 1265 283 1265 284 1265 286 1266 340 1266 340 1265 341 1265 343 1265 352 1257 389 1265 390 1265 463 1264 465 1264 466 1264 475 1257 617 1266 618 1266 760 1259 855 1268 857 1268 948 1260 1304 1268 1306 1268 1307 1268 1308 1268 1318 1260 1319 1253 1318 1225 1187 1214 1185 1214 1184 1214 1143 1224 1140 1225 1069 1225 1066 1224 1057 1216 1055 1216 1054 1216 1053 1216 886 1223 869 1223 867 1223 851 1212 850 1212 849 1212 847 1212 806 1221 763 1220 752 1211 751 1211 749 1211 724 1211 723 1211 722 1211 720 1211 707 1221 666 1211 665 1211 620 1211 618 1211 617 1211 616 1211 602 1221 528 1221 439 1221 438 1220 417 1214 416 1214 414 1214 268 1219 268 1248"/></Shape>
	    <String CONTENT="car una revuelta ó castigar una matanza."
                    HPOS="267"
                    VPOS="1211"
                    WIDTH="1052"
                    HEIGHT="57"></String>
          </TextLine>
          <TextLine ID="line_13"
                    TAGREFS="LT8"
                    BASELINE="328 1322 1320 1322" 
                    HPOS="328"
                    VPOS="1276"
                    WIDTH="992"
                    HEIGHT="55">
            <Shape><Polygon POINTS="328 1331 1320 1331 1320 1322 1320 1294 1157 1294 1153 1292 1134 1276 1132 1276 1131 1276 1099 1276 1098 1276 1096 1276 1095 1276 1082 1286 1070 1277 1069 1277 1067 1277 1032 1276 1030 1276 1029 1276 1028 1276 1012 1289 1008 1292 1004 1289 985 1276 984 1276 983 1276 981 1276 980 1276 956 1282 945 1276 944 1276 943 1276 941 1276 940 1276 939 1276 928 1284 918 1276 916 1276 915 1276 914 1276 862 1282 838 1276 837 1276 835 1276 834 1276 833 1276 821 1286 812 1294 743 1294 728 1285 715 1276 714 1276 712 1276 711 1276 710 1276 687 1284 676 1289 574 1293 490 1293 468 1281 458 1276 457 1276 455 1276 433 1281 393 1290 380 1280 376 1276 374 1276 373 1276 372 1276 328 1278 328 1322"/></Shape>
	    <String CONTENT="Tambien, cuando en 1894 la Italia,–cu¬"
                    HPOS="328"
                    VPOS="1276"
                    WIDTH="992"
                    HEIGHT="55"></String>
          </TextLine>
          <TextLine ID="line_14"
                    TAGREFS="LT8"
                    BASELINE="270 1391 1320 1394" 
                    HPOS="270.0"
                    VPOS="1353.0"
                    WIDTH="1050.0"
                    HEIGHT="62.0">
            <Shape><Polygon POINTS="270 1391 270 1412 331 1401 431 1403 443 1411 446 1413 447 1413 449 1413 450 1413 471 1411 498 1407 506 1411 512 1413 514 1413 515 1413 516 1413 518 1413 521 1409 532 1401 543 1409 547 1413 548 1413 549 1413 551 1415 581 1415 581 1413 582 1413 592 1409 608 1401 673 1408 720 1413 722 1413 723 1413 744 1408 761 1403 775 1407 794 1415 796 1415 797 1415 798 1415 800 1415 812 1407 821 1403 882 1404 884 1407 903 1415 904 1415 906 1415 963 1407 1033 1409 1034 1409 1036 1409 1037 1409 1042 1404 1046 1403 1103 1404 1298 1409 1299 1409 1300 1409 1319 1401 1320 1394 1320 1367 1293 1354 1291 1354 1290 1354 1233 1366 1161 1364 1139 1354 1138 1354 1136 1354 923 1366 902 1367 825 1367 822 1364 816 1359 814 1359 813 1359 812 1359 769 1364 768 1364 767 1364 759 1358 757 1358 756 1358 755 1358 691 1363 674 1353 673 1353 671 1353 670 1353 631 1360 560 1358 559 1358 557 1358 556 1358 549 1363 547 1364 512 1363 458 1362 438 1353 437 1353 435 1353 359 1363 344 1364 337 1363 323 1358 321 1358 320 1358 270 1362 270 1391"/></Shape>
	    <String CONTENT="yo influjo, prestigio y riqueza habian ido"
                    HPOS="270.0"
                    VPOS="1353.0"
                    WIDTH="1050.0"
                    HEIGHT="62.0"></String>
          </TextLine>
          <TextLine ID="line_15"
                    TAGREFS="LT8"
                    BASELINE="268 1461 1322 1465" 
                    HPOS="267.0"
                    VPOS="1416.0"
                    WIDTH="1055.0"
                    HEIGHT="65.0">
            <Shape><Polygon POINTS="268 1461 267 1470 278 1478 279 1478 280 1478 282 1478 283 1478 311 1470 372 1478 373 1478 463 1477 465 1477 466 1477 475 1470 665 1478 666 1478 667 1478 690 1472 712 1478 714 1478 715 1480 838 1480 838 1478 839 1478 841 1478 850 1472 918 1478 919 1478 957 1472 1014 1481 1016 1481 1092 1473 1302 1480 1303 1480 1304 1480 1320 1472 1322 1465 1322 1435 1255 1435 1255 1433 1212 1419 1210 1419 1209 1419 1208 1419 1206 1419 1188 1433 1188 1435 1030 1435 1028 1433 1005 1419 1004 1419 1002 1419 971 1417 969 1417 912 1424 884 1417 883 1417 882 1417 881 1417 879 1417 859 1432 859 1433 838 1433 838 1432 817 1417 816 1417 814 1417 751 1417 749 1417 748 1417 747 1417 727 1432 726 1433 680 1433 679 1432 659 1417 658 1417 657 1417 655 1417 654 1417 621 1431 600 1416 598 1416 597 1416 596 1416 594 1416 544 1431 503 1416 502 1416 500 1416 499 1416 498 1416 478 1432 446 1432 414 1432 414 1431 385 1416 384 1416 382 1416 381 1416 380 1416 360 1431 360 1432 329 1432 329 1431 294 1416 292 1416 291 1416 290 1416 288 1416 268 1428 268 1461"/></Shape>
	    <String CONTENT="á ménos desde la salida del Papa–se hizo"
                    HPOS="267.0"
                    VPOS="1416.0"
                    WIDTH="1055.0"
                    HEIGHT="65.0"></String>
          </TextLine>
          <TextLine ID="line_18"
                    TAGREFS="LT8"
                    BASELINE="267 1533 1320 1537" 
                    HPOS="266.0"
                    VPOS="1489.0"
                    WIDTH="1054.0"
                    HEIGHT="63.0">
            <Shape><Polygon POINTS="267 1533 266 1539 304 1551 306 1551 307 1551 446 1544 564 1551 565 1551 567 1551 568 1551 581 1542 657 1543 667 1552 669 1552 670 1552 671 1552 845 1543 1032 1550 1033 1550 1065 1544 1135 1552 1136 1552 1138 1552 1139 1552 1152 1544 1295 1551 1297 1551 1298 1551 1319 1543 1320 1537 1320 1507 1291 1492 1290 1492 1263 1492 1262 1492 1261 1492 1259 1492 1246 1502 1233 1492 1232 1492 1230 1492 1204 1492 1202 1492 1201 1492 1172 1506 1153 1492 1152 1492 1151 1492 1149 1492 1148 1492 1122 1503 1079 1492 1078 1492 1077 1492 1075 1492 1074 1492 1051 1506 1028 1492 1026 1492 1025 1492 1000 1492 998 1492 997 1492 996 1492 985 1501 969 1490 968 1490 967 1490 965 1490 866 1505 810 1498 809 1498 808 1498 806 1498 797 1505 796 1505 785 1505 540 1498 539 1498 537 1498 521 1503 518 1503 467 1502 449 1489 447 1489 446 1489 381 1489 380 1489 378 1489 351 1503 349 1503 267 1503 267 1533"/></Shape>
	    <String CONTENT="republicana, su primer cuidado fué el de"
                    HPOS="266.0"
                    VPOS="1489.0"
                    WIDTH="1054.0"
                    HEIGHT="63.0"></String>
          </TextLine>
          <TextLine ID="line_19"
                    TAGREFS="LT8"
                    BASELINE="267 1603 1319 1605" 
                    HPOS="266.0"
                    VPOS="1560.0"
                    WIDTH="1053.0"
                    HEIGHT="63.0">
            <Shape><Polygon POINTS="267 1603 266 1609 313 1621 315 1621 454 1619 455 1619 457 1619 465 1612 484 1619 486 1619 487 1619 532 1612 776 1612 818 1621 820 1621 821 1621 837 1613 1038 1621 1040 1621 1099 1616 1108 1623 1110 1623 1111 1623 1112 1623 1318 1612 1319 1605 1319 1575 1295 1562 1294 1562 1293 1562 1269 1562 1267 1562 1266 1562 1265 1562 1249 1575 1063 1575 1050 1575 1030 1562 1029 1562 1028 1562 1026 1562 944 1574 854 1562 853 1562 851 1562 850 1562 830 1575 793 1560 792 1560 790 1560 789 1560 763 1574 630 1572 616 1560 614 1560 613 1560 589 1560 588 1560 586 1560 585 1560 569 1572 503 1560 502 1560 500 1560 499 1560 483 1574 482 1575 416 1575 414 1574 393 1560 392 1560 390 1560 352 1560 351 1560 349 1560 348 1560 336 1571 267 1572 267 1603"/></Shape>
	    <String CONTENT="suplicar al soberano de Jerusalem que vol¬"
                    HPOS="266.0"
                    VPOS="1560.0"
                    WIDTH="1053.0"
                    HEIGHT="63.0"></String>
          </TextLine>
          <TextLine ID="line_20"
                    TAGREFS="LT8"
                    BASELINE="272 1674 1320 1678" 
                    HPOS="271.0"
                    VPOS="1632.0"
                    WIDTH="1049.0"
                    HEIGHT="61.0">
            <Shape><Polygon POINTS="272 1674 271 1680 310 1690 311 1690 312 1691 388 1691 388 1690 389 1690 390 1690 400 1682 414 1690 416 1690 417 1690 418 1690 449 1682 496 1690 498 1690 621 1683 748 1691 749 1691 789 1683 790 1683 792 1683 816 1690 817 1690 818 1690 820 1690 821 1690 830 1683 832 1683 854 1690 855 1690 857 1690 948 1685 971 1683 975 1685 990 1691 992 1691 993 1691 1087 1685 1103 1685 1110 1685 1145 1693 1147 1693 1319 1686 1320 1678 1319 1649 1159 1649 1157 1648 1131 1635 1130 1635 1128 1635 1065 1646 1016 1646 990 1635 989 1635 988 1635 987 1635 985 1635 971 1646 969 1648 949 1648 949 1646 920 1633 919 1633 883 1633 882 1633 881 1633 879 1633 862 1646 850 1646 798 1646 794 1645 751 1633 749 1633 748 1633 747 1633 731 1640 670 1633 669 1633 667 1633 666 1633 650 1645 647 1646 576 1645 529 1644 506 1632 504 1632 427 1632 426 1632 425 1632 423 1632 408 1644 405 1645 272 1644 272 1674"/></Shape>
	    <String CONTENT="viese á Roma. Esta vuelta tuvo lugar en"
                    HPOS="271.0"
                    VPOS="1632.0"
                    WIDTH="1049.0"
                    HEIGHT="61.0"></String>
          </TextLine>
          <TextLine ID="line_21"
                    TAGREFS="LT8"
                    BASELINE="268 1750 1318 1748" 
                    HPOS="267.0"
                    VPOS="1703.0"
                    WIDTH="1051.0"
                    HEIGHT="65.0">
            <Shape><Polygon POINTS="268 1750 268 1758 606 1758 613 1758 695 1767 696 1767 698 1767 699 1767 710 1758 711 1758 719 1758 845 1766 846 1766 847 1766 878 1758 886 1764 887 1764 888 1764 890 1764 1038 1760 1099 1767 1100 1767 1102 1767 1103 1767 1112 1759 1148 1766 1149 1766 1151 1766 1184 1758 1204 1767 1205 1767 1206 1768 1282 1768 1282 1767 1283 1767 1318 1756 1318 1748 1315 1719 1286 1719 1266 1703 1265 1703 1263 1703 1262 1703 1261 1703 1233 1714 1221 1703 1220 1703 1218 1703 1197 1703 1196 1703 1195 1703 1193 1703 1175 1718 1122 1703 1120 1703 1119 1703 1118 1703 1116 1703 1096 1719 979 1719 948 1703 947 1703 945 1703 944 1703 943 1703 924 1718 855 1718 816 1703 814 1703 813 1703 812 1703 781 1718 759 1703 757 1703 756 1703 735 1703 733 1703 732 1703 731 1703 711 1719 659 1719 639 1703 638 1703 637 1703 519 1703 518 1703 516 1703 515 1703 495 1718 475 1703 474 1703 472 1703 449 1703 447 1703 446 1703 419 1718 390 1703 389 1703 388 1703 386 1703 336 1717 320 1703 319 1703 317 1703 296 1703 295 1703 294 1703 292 1703 267 1717 268 1750"/></Shape>
	    <String CONTENT="el año de 1895, y desde entonces, la Igle¬"
                    HPOS="267.0"
                    VPOS="1703.0"
                    WIDTH="1051.0"
                    HEIGHT="65.0"></String>
          </TextLine>
          <TextLine ID="line_22"
                    TAGREFS="LT8"
                    BASELINE="268 1821 1322 1821" 
                    HPOS="268.0"
                    VPOS="1777.0"
                    WIDTH="1054.0"
                    HEIGHT="61.0">
            <Shape><Polygon POINTS="268 1821 268 1829 337 1838 339 1838 340 1838 364 1830 459 1830 479 1838 480 1838 482 1838 483 1838 508 1830 910 1830 920 1838 922 1838 923 1838 924 1838 1010 1830 1304 1837 1306 1837 1307 1837 1322 1829 1322 1821 1322 1792 1244 1791 1224 1777 1222 1777 1221 1777 1220 1777 1218 1777 1165 1792 1082 1792 1061 1777 1059 1777 1058 1777 1033 1777 1032 1777 1030 1777 1029 1777 1012 1791 855 1791 837 1777 835 1777 834 1777 833 1777 832 1777 800 1789 781 1777 780 1777 779 1777 755 1777 753 1777 752 1777 751 1777 732 1792 671 1792 645 1791 625 1777 624 1777 622 1777 596 1777 594 1777 593 1777 592 1777 578 1788 564 1777 563 1777 561 1777 535 1777 533 1777 532 1777 531 1777 512 1792 482 1792 427 1777 426 1777 368 1777 366 1777 365 1777 364 1777 345 1792 268 1792 268 1821"/></Shape>
	    <String CONTENT="sia, libre, de las molestias que los poderes"
                    HPOS="268.0"
                    VPOS="1777.0"
                    WIDTH="1054.0"
                    HEIGHT="61.0"></String>
          </TextLine>
          <TextLine ID="line_23"
                    TAGREFS="LT8"
                    BASELINE="272 1890 1316 1893" 
                    HPOS="271.0"
                    VPOS="1849.0"
                    WIDTH="1045.0"
                    HEIGHT="58.0">
            <Shape><Polygon POINTS="272 1890 271 1898 282 1906 283 1906 284 1906 351 1907 352 1907 528 1905 529 1905 531 1905 539 1898 540 1898 1314 1906 1316 1893 1315 1862 1161 1854 1160 1854 1159 1854 1148 1860 1134 1850 1132 1850 1131 1850 1130 1850 1050 1860 1049 1860 1047 1860 1014 1850 1013 1850 1012 1850 1010 1850 985 1860 980 1861 837 1861 832 1858 794 1849 793 1849 792 1849 662 1858 625 1861 594 1861 589 1857 578 1849 577 1849 576 1849 574 1849 529 1857 512 1860 507 1857 492 1849 491 1849 490 1849 442 1857 418 1861 317 1861 307 1856 292 1849 291 1849 290 1849 288 1849 272 1854 272 1890"/></Shape>
	    <String CONTENT="temporales le suscitaban en otros tiempos,"
                    HPOS="271.0"
                    VPOS="1849.0"
                    WIDTH="1045.0"
                    HEIGHT="58.0"></String>
          </TextLine>
          <TextLine ID="line_24"
                    TAGREFS="LT8"
                    BASELINE="270 1963 1319 1959" 
                    HPOS="268.0"
                    VPOS="1913.0"
                    WIDTH="1051.0"
                    HEIGHT="66.0">
            <Shape><Polygon POINTS="270 1963 270 1972 438 1972 453 1979 454 1979 455 1979 637 1971 850 1977 851 1977 853 1977 879 1971 936 1977 937 1977 1013 1976 1014 1976 1016 1976 1025 1969 1167 1976 1168 1976 1200 1969 1208 1976 1209 1976 1210 1976 1212 1977 1308 1977 1308 1976 1310 1976 1311 1976 1319 1968 1319 1959 1318 1930 1278 1918 1277 1918 1275 1918 1274 1918 1273 1918 1258 1928 1258 1930 1142 1930 1139 1928 1114 1913 1112 1913 1111 1913 1110 1913 1108 1913 1074 1927 1043 1913 1042 1913 1041 1913 1040 1913 1038 1913 1020 1927 1017 1928 949 1927 934 1914 932 1914 931 1914 884 1914 883 1914 882 1914 881 1914 866 1926 861 1930 853 1926 826 1914 825 1914 796 1914 794 1914 793 1914 792 1914 779 1924 765 1914 764 1914 763 1914 728 1914 727 1914 726 1914 724 1914 710 1924 704 1930 698 1924 683 1914 682 1914 680 1914 663 1914 662 1914 661 1914 659 1914 646 1924 639 1930 629 1924 610 1915 609 1915 592 1915 590 1915 589 1915 588 1915 577 1923 565 1931 524 1930 515 1923 507 1916 506 1916 504 1916 503 1916 502 1916 483 1923 461 1931 447 1923 437 1915 435 1915 434 1915 417 1915 416 1915 414 1915 413 1915 404 1922 390 1931 343 1928 335 1922 327 1915 325 1915 324 1915 323 1915 268 1920 270 1963"/></Shape>
	    <String CONTENT="libre dentro de la Italia libre, habia visto"
                    HPOS="268.0"
                    VPOS="1913.0"
                    WIDTH="1051.0"
                    HEIGHT="66.0"></String>
          </TextLine>
        </TextBlock>
        <TextBlock HPOS="812.0"
                   VPOS="2225.0"
                   WIDTH="402.0"
                   HEIGHT="108.0"
                   ID="eSc_textblock_da0af9d7"
                   TAGREFS="BT27">
          <Shape><Polygon POINTS="812 2333 812 2225 1214 2225 1214 2333"/></Shape>
          <TextLine ID="eSc_line_6fac4caa"
                    TAGREFS="LT8"
                    BASELINE="836 2317 1186 2312" 
                    HPOS="832.0"
                    VPOS="2253.0"
                    WIDTH="352.0"
                    HEIGHT="70.0">
            <Shape><Polygon POINTS="834 2315 834 2323 1182 2323 1184 2311 1182 2265 1138 2253 1136 2253 1134 2253 1132 2253 1075 2269 1071 2269 1067 2269 1009 2253 1007 2253 1005 2253 1003 2253 967 2273 959 2277 832 2277 834 2315"/></Shape>
	    <String CONTENT="Digitized by Google"
                    HPOS="832.0"
                    VPOS="2253.0"
                    WIDTH="352.0"
                    HEIGHT="70.0"></String>
          </TextLine>
        </TextBlock>
      </PrintSpace>
    </Page>
  </Layout>
</alto>
