1713 2397
420.0 304.0 60.0 51.0 34

678.0 312.0 462.0 35.0 BUENOS AIRES EN EL AÑO 2080

383.0 440.0 1048.0 54.0 materializar, en esta gran ciudad de Buenos

383.0 508.0 1040.0 60.0 Aires, el ensueño de la dicha humana y

386.0 579.0 1045.0 65.0 hacerla visible y palpable á los sentidos.

446.0 651.0 984.0 65.0 Pero lo que Enrique y Primavera no po¬

387.0 724.0 1047.0 59.0 dian cansarse de contemplar, era ese muelle

396.0 793.0 1037.0 63.0 gigantesco, de seis kils de largo y 36 pies

387.0 862.0 1048.0 63.0 de ancho. Es un trabajo soberbio; para

386.0 932.0 1044.0 62.0 llevarlo á término hubo que cortar á pe¬

384.0 1004.0 1049.0 61.0 dazos algunas montañas y ahogarlas á lo

386.0 1071.0 1045.0 66.0 lejos por medio de la dinamita. Esta pro¬

387.0 1145.0 1044.0 62.0 digiosa calzada produce en el marino dulces

384.0 1217.0 1049.0 62.0 ilusiones: cree que la Patria Argentina le

387.0 1287.0 1047.0 52.0 estiende su mano al traves de las olas, le

387.0 1355.0 1046.0 57.0 saluda cuando se ausenta, le llama á su lle¬

390.0 1428.0 1044.0 64.0 gada. Se ha precisado treinta años y mil

387.0 1503.0 1043.0 59.0 millones para concluir este inmenso trabajo,

390.0 1567.0 1044.0 65.0 que se debe á la liberalidad de un antiguo

386.0 1636.0 1049.0 63.0 inmigrante llamado Pedro Largo. Había

388.0 1711.0 1043.0 62.0 llegado pobre á esta tierra, cuando los te¬

386.0 1785.0 1049.0 58.0 rrenos se vendian por una bicoca; pero á

387.0 1851.0 1047.0 66.0 fuerza de trabajo, con su inteligencia y al¬

392.0 1922.0 1041.0 67.0 gunas especulaciones felices, llegó á acu¬

831.0 2265.0 360.0 80.0 Digitized by Google
