1740 2376
650.0 302.0 325.0 35.0 HISTORIA VEROSIMIL

1246.0 302.0 50.0 38.0 97

289.0 432.0 1044.0 63.0 recomienda la prudencia á los especulado¬

289.0 504.0 604.0 58.0 res demasiado arrojados.

348.0 571.0 986.0 56.0 Los muebles estan construidos con enor¬

297.0 642.0 1027.0 62.0 mes baldosas de granito de los Andes, y

291.0 714.0 1046.0 60.0 principian en el desembocadero del muelle

293.0 784.0 1045.0 63.0 gigantesco de que ya hemos hablado. En

291.0 855.0 1047.0 59.0 este punto se levanta la colosal estátua del

293.0 925.0 1044.0 54.0 Prometéo antiguo hecha de bronce dorado:

290.0 995.0 1046.0 62.0 homenage que con ella rinde la civiliza¬

291.0 1065.0 1043.0 63.0 cion moderna al génio profético de la an¬

294.0 1135.0 1042.0 67.0 tigüedad griega. El gigantesco Titan aplas¬

294.0 1209.0 1042.0 56.0 ta contra la roca al buitre, mientras que,

290.0 1279.0 1046.0 58.0 con una de sus manos estendida por enci¬

293.0 1349.0 1043.0 58.0 ma de su cabeza, sostiene el sol eléctrico,

295.0 1416.0 1043.0 63.0 que despues de ponerse el Sol, enciende de

293.0 1490.0 1046.0 58.0 nuevo el dia en la inmensa zona que le

293.0 1556.0 1046.0 57.0 rodea. La Estátua es un Faro, y los rayos

295.0 1630.0 1046.0 59.0 de su vasto foco luminoso eclipsan, en las

295.0 1700.0 1043.0 56.0 noches de verano, las mas brillantes cons¬

299.0 1772.0 258.0 52.0 telaciones.

357.0 1836.0 984.0 63.0 Los muelles orlan las orillas del rio por

297.0 1911.0 1041.0 61.0 espacio de una legua. Preciso es volver

836.0 2249.0 357.0 67.0 Digitized by Google

1296.0 2059.0 21.0 47.0 7
