1738 2381
673.0 296.0 327.0 36.0 HISTORIA VEROSIMIL

1270.0 296.0 49.0 47.0 33

311.0 431.0 1047.0 62.0 aprovechar la barranquita que encajona el

309.0 498.0 1047.0 66.0 Rio para dar á este jardin un aspecto pin¬

311.0 567.0 1043.0 62.0 toresco y encantador. El Hotel de La Paz,

312.0 641.0 1046.0 65.0 que por medio de arcos elegantes formaba

309.0 712.0 1049.0 61.0 un conjunto de todas las partes de que se

308.0 787.0 1048.0 55.0 componía, no era una de las menores cu¬

308.0 850.0 1051.0 61.0 riosidades de este delicioso rincon de la

308.0 921.0 191.0 57.0 ciudad.

367.0 992.0 984.0 63.0 El Hotel no tiene mas de un piso, supe¬

308.0 1064.0 1047.0 64.0 rado por jardines colgantes, desde los cua¬

308.0 1133.0 1051.0 56.0 les se descubre la admirable escena de la

308.0 1206.0 1051.0 65.0 rada, y desde donde se puede seguir con la

312.0 1276.0 1043.0 61.0 vista, por detrás de la colosal estatua do¬

309.0 1346.0 1049.0 62.0 rada de Prometéo, el muelle gigantesco

312.0 1418.0 1043.0 56.0 que se perde entre el infinito de las olas.

308.0 1485.0 1047.0 69.0 Nada puede igualar la magnificencia de los

312.0 1556.0 1044.0 65.0 palacios que bordan la orilla del rio, de los

316.0 1632.0 1040.0 62.0 jardines que coronan los palacios, especial¬

311.0 1698.0 1045.0 57.0 mente del lado del Norte; nada puede dar

312.0 1769.0 1043.0 64.0 una idea de la actividad prodigiosa que rei¬

311.0 1837.0 1047.0 58.0 na sobre todo el costado del Sur. La Natu¬

312.0 1914.0 1047.0 62.0 raleza y el hombre se han asociado para

1312.0 2071.0 30.0 36.0 3

838.0 2252.0 347.0 73.0 Digitized by Google
