1750 2381
661.0 293.0 333.0 33.0 HISTORIA VEROSIMIL

1261.0 293.0 48.0 45.0 87

303.0 420.0 1047.0 58.0 cada una de las seis cupulas, siete torres con

301.0 494.0 1045.0 56.0 sus correspondientes campanarios super¬

305.0 559.0 1046.0 64.0 puestos y tallados transparentes como los de

303.0 626.0 1048.0 56.0 Rouen ó de Milan, se lanzan desde el suelo

303.0 699.0 1048.0 60.0 hácia las nubes, pero á menor altura sin

300.0 772.0 1047.0 61.0 embargo que las agujas de los minaretes.

304.0 842.0 1046.0 62.0 En estas torres hay una orquesta completa

303.0 915.0 1045.0 57.0 de campanas con acompañamiento de cha¬

300.0 982.0 1047.0 61.0 rangas ó címbalos automáticos, que llenan

303.0 1055.0 1045.0 61.0 los aires de alegres notas y patrióticos cantos

301.0 1123.0 1050.0 64.0 en dias festivos y de regocijo público. Una

300.0 1194.0 1048.0 57.0 cruz colosal sirve de remate al cimborio.

303.0 1263.0 1044.0 65.0 principal y domina la estátua de la Vírgen

350.0 1334.0 1001.0 62.0 de los cuatro Evangelistas y de San

303.0 1403.0 1045.0 65.0 Pedro que coronan las seis cupulas infe¬

304.0 1484.0 165.0 45.0 riores.

365.0 1543.0 982.0 62.0 Este edificio tiene, en todas sus propor¬

301.0 1615.0 1049.0 63.0 ciones, tal grandeza, tal majestad y los teso¬

304.0 1687.0 1048.0 61.0 ros de escultura, de pintura, de tapicería que

305.0 1754.0 1046.0 56.0 lo adornan estan distribuidos tan admira¬

305.0 1825.0 1049.0 66.0 blemente y con tan profundo sentimiento

307.0 1896.0 1043.0 65.0 del arte religioso, con tal fé, pudiera decirse,

840.0 2254.0 361.0 75.0 Digitized by Google
