1742 2376
666.0 306.0 328.0 37.0 HISTORIA VEROSIMIL

1266.0 304.0 48.0 41.0 89

307.0 431.0 1051.0 64.0 mármol color rosa, estan los Palacios del

311.0 500.0 1046.0 63.0 Cardenal Arzobispo de Buenos Aires, y de

307.0 571.0 1050.0 63.0 su Capítulo; las oficinas de la Administra¬

309.0 645.0 1049.0 61.0 cion diocesana, los Seminarios, y los salo¬

307.0 715.0 991.0 59.0 nes de reunion de las cofradias piadosas.

369.0 785.0 992.0 63.0 Primavera bajó del carruaje, y, del brazo

311.0 856.0 1049.0 62.0 de su esposo, entró en la Iglesia, la recorrió

326.0 929.0 1030.0 61.0 y de nuevo subió al carruaje, sin que En¬

311.0 1003.0 1053.0 56.0 rique tuviese que castigar ni la insolencia

313.0 1066.0 1045.0 62.0 de una sola mirada de admiracion indis¬

311.0 1139.0 1050.0 59.0 creta ó de malsana curiosidad, que se hu¬

314.0 1207.0 1051.0 62.0 biese dirijido á la maravillosa hermosura

313.0 1280.0 1048.0 61.0 de su mujer. No nos hallamos ya en aque¬

313.0 1347.0 1051.0 65.0 llos tiempos en que las Iglesias de Buenos

314.0 1422.0 1050.0 59.0 Aires tenian una apariencia más que mun¬

314.0 1490.0 1051.0 62.0 dana; en que los jóvenes alineados en los

316.0 1561.0 1048.0 61.0 átrios de las iglesias y sus naves laterales,

319.0 1628.0 1046.0 66.0 pasaban el tiempo, que duraban las cere¬

316.0 1701.0 1053.0 59.0 monias religiosas, en mirar de un modo

316.0 1772.0 1050.0 60.0 intencionado y atrevido á las señoras que

318.0 1840.0 1051.0 59.0 estaban arrodilladas ó sentadas en la nave

322.0 1908.0 1047.0 69.0 principal, adonde las jóvenes católicas iban

810.0 2247.0 385.0 75.0 Digitized by Google
