1750 2381
386.0 341.0 853.0 74.0 BUENOS AIRES EN EL ANO 2080

806.0 501.0 30.0 66.0 I

349.0 624.0 989.0 65.0 El 15 de Octubre del año de gracia

289.0 697.0 1045.0 62.0 2080, á las nueve de la mañana, Dn. Pe¬

292.0 768.0 1044.0 64.0 dro, Gobernador de la Provincia de Colu¬

295.0 842.0 1043.0 65.0 guape, en la Patagonia Central, recibió de

292.0 912.0 1043.0 62.0 Buenos Aires el despacho telegráfico si¬

295.0 982.0 1041.0 64.0 guiente : –"Ministro Obras Públicas es¬

296.0 1055.0 880.0 64.0 pera esta noche á su hijo Enrique."

350.0 1121.0 988.0 64.0 Dn. Pedro llamó á este, le echó su ben¬

296.0 1193.0 406.0 67.0 dicion y le dijo:

360.0 1267.0 980.0 58.0 –Tienes veinticinco años, has descubierto

295.0 1338.0 1045.0 60.0 cerca de la Rioja una mina de cobre que

295.0 1412.0 1045.0 57.0 asegura tu fortuna, te he asociado á mis

296.0 1481.0 1044.0 60.0 trabajos administrativos desde que saliste

296.0 1552.0 1046.0 63.0 del Ateneo Argentino; es preciso ahora que

297.0 1625.0 1058.0 64.0 viajes para completar tu instruccion, y que

296.0 1694.0 1042.0 61.0 te cases para que seas virtuoso. El Minis¬

296.0 1763.0 984.0 65.0 tro te llama, vé, y que Dios te bendiga.

354.0 1834.0 984.0 65.0 Pocos instantes despues, Enrique, segui¬

295.0 1904.0 1045.0 64.0 do de Bonifacio, su fiel sirviente, y munido

838.0 2254.0 357.0 69.0 Digitized by Google
