1729 2385
645.0 298.0 326.0 34.0 HISTORIA VEROSIMIL

1245.0 299.0 43.0 44.0 47

286.0 424.0 1043.0 62.0 el Austria y la Italia, acabó por vencer á

285.0 491.0 1043.0 66.0 la Rusia, á la que el Imperio Aleman apo¬

287.0 563.0 1041.0 66.0 yaba; una parte del mapa de la Vieja Eu¬

286.0 632.0 1041.0 63.0 ropa fué rehecho por el Tratado de Viena,

286.0 700.0 1042.0 65.0 en 1891. Un Reino de Grecia fué consti¬

286.0 775.0 1042.0 63.0 tuido con los restos de la Turquia de Euro¬

287.0 846.0 1046.0 66.0 pa, en otro tiempo llamados Albania, Tesalia

290.0 918.0 1041.0 67.0 y Romelia; la Austro-Hungría–que habia

285.0 984.0 1043.0 66.0 cedido á la Italia el Tirol hasta los Alpes

286.0 1058.0 1039.0 66.0 Rehéticos, la Istria y parte de la Croácia y

287.0 1128.0 1046.0 64.0 de la Dalmácia hasta los Alpes Julianos al

289.0 1200.0 1042.0 66.0 Este y Ragusa al Sur–recibió, en com¬

289.0 1270.0 1046.0 68.0 pensacion, el Montenegro, la Bósnia, la

291.0 1336.0 1041.0 73.0 Sérvia, la Bulgária, la Valáquia y la Mol¬

289.0 1409.0 1047.0 68.0 dávia, el Würtemberg, la Baviera y el Gran

290.0 1480.0 1046.0 64.0 Ducado de Baden. La Francia, volviendo

289.0 1551.0 1046.0 62.0 á sus limites de 1870, recobró su Alsacia¬

290.0 1625.0 1043.0 67.0 Lorena y puesta en posesion de los Esta¬

290.0 1693.0 1045.0 67.0 dos de Tunez y de Tripoli, de la Siria y de

291.0 1763.0 1045.0 66.0 la Palestina. Inglaterra, con la isla de Chi¬

294.0 1837.0 1043.0 71.0 pre, que le quedó en propiedad, recibió el

298.0 1908.0 1039.0 68.0 Egipto y el Imperio de Alemania, vuelto á

839.0 2255.0 350.0 70.0 Digitized by Google
