1755 2367
510.0 351.0 710.0 54.0 AL SEÑOR DON ANTONINO CAMBACERES

380.0 470.0 972.0 36.0 PRESIDENTE DE LA ADMINISTRACION DEL FERRO-CARRIL DEL OESTE

468.0 598.0 168.0 56.0 Señor:

406.0 706.0 988.0 65.0 Este librito, en el que, á la manera de Julio

356.0 778.0 1035.0 63.0 Verne, de Mery y del autor anónimo de la ba¬

348.0 849.0 1045.0 64.0 talla de Dorking, se hace un bosquejo del Por¬

347.0 924.0 1047.0 64.0 venir que espera á vuestra República, no podía

346.0 996.0 1045.0 59.0 ménos que dedicarse á un gran Administrador,

346.0 1063.0 1048.0 63.0 á un Político prudente, honrado y liberal; en

343.0 1137.0 1052.0 66.0 fin, á un amante apasionado del Progreso bajo

348.0 1211.0 396.0 56.0 todas sus formas.

409.0 1274.0 988.0 68.0 Hé ahí, en verdad, las cualidades que habrán

347.0 1349.0 1048.0 59.0 de sobresalir en vuestros hombres de Estado, si

349.0 1422.0 1052.0 60.0 desean asegurar para la Patria Argentina la

349.0 1495.0 1052.0 60.0 prosperidad que, sin temor de equavocarme, se la

349.0 1564.0 1049.0 62.0 puede augurar, y que yo le deseo con todo mi

351.0 1641.0 194.0 48.0 corazon.

414.0 1696.0 981.0 73.0 ¿Quién, sinó vos, podría ser más acreedor á

353.0 1772.0 1048.0 63.0 mi preferencia, Señor? Este librito podrá ele¬

357.0 1848.0 1046.0 58.0 varse hasta los astros, si os dignais aceptar su

356.0 1914.0 1047.0 66.0 dedicatoria, si el público le concede una pequeña

833.0 2238.0 359.0 73.0 Digitized by Google

1348.0 2168.0 145.0 75.0 427
