1748 2396
447.0 344.0 56.0 50.0 32

698.0 350.0 466.0 34.0 BUENOS AIRES EN EL AÑO 2080

408.0 471.0 1044.0 58.0 la Sociedad. El Instituto de Buenos Aires

406.0 547.0 1043.0 57.0 se halla provisto de cuantos recursos se nece¬

407.0 616.0 1044.0 65.0 sitan para el génio inventor. Piense y halle.

468.0 685.0 985.0 64.0 El condenado dió las gracias, poniendo

408.0 761.0 1047.0 60.0 la mano sobre su corazon, y, al parar el

407.0 827.0 1048.0 66.0 convoy, bajó y se fué solo hácia el palacio

406.0 897.0 1045.0 62.0 en el cual debía quedar arrestado y en don¬

407.0 967.0 1044.0 55.0 de el carcelero le recibió con todos los mi¬

406.0 1038.0 959.0 62.0 ramientos debidos al valor desgraciado.

468.0 1111.0 987.0 63.0 Enrique y su esposa bajaron en el Hotel

408.0 1180.0 1041.0 61.0 de la Paz, hotel grande como una ciudad y

410.0 1253.0 1039.0 62.0 que ocupa un espacio de seis cuadras, si¬

408.0 1316.0 1043.0 65.0 tuado á lo largo de la Plaza del Plata, des¬

406.0 1389.0 1049.0 63.0 de la avenida Rivadavia hasta la antigua

406.0 1458.0 1047.0 66.0 calle del Temple. El antiguo Paseo de

408.0 1530.0 1043.0 58.0 Julio, ensanchado con todo el terreno com¬

411.0 1598.0 1041.0 67.0 prendido entre la orilla del Rio y la calle

408.0 1673.0 1043.0 65.0 Reconquista, forma ahora una Plaza de¬

408.0 1745.0 1041.0 62.0 liciosa, adornada con Kioscos elegantes,

411.0 1815.0 1038.0 60.0 fuentes, un mundo entero de estatuas,

412.0 1886.0 1043.0 64.0 de flores, de árboles de todos los países de

412.0 1956.0 1040.0 63.0 la tierra. Los arquitectos habian sabido

835.0 2266.0 359.0 78.0 Digitized by Google
