1731 2373
664.0 286.0 335.0 34.0 HISTORIA VEROSIMIL

1270.0 283.0 36.0 46.0 71

308.0 413.0 1045.0 60.0 amistosamente el uso de guantes hechos de

311.0 483.0 1042.0 66.0 pieles de animales, vestidos ajustados y so¬

308.0 555.0 1045.0 59.0 focantes, cuellos de ahorcado, y otras mo¬

308.0 626.0 1048.0 60.0 lestias de la antigua civilizacion. Preciso

308.0 700.0 1047.0 58.0 es que cada uno esté á sus anchas y mudo

312.0 773.0 463.0 56.0 para oir la música.

366.0 834.0 983.0 66.0 Sebastian dió el palco de honor al Pre¬

308.0 912.0 1048.0 60.0 fecto y á su esposa. Se representaba la

307.0 978.0 1048.0 67.0 admirable ópera de Tin-tu-ling cuyo titulo

307.0 1054.0 1044.0 61.0 es Setentrion y Africa. Esta ópera no tie¬

305.0 1124.0 1047.0 63.0 ne letra, segun la costumbre moderna, que

307.0 1193.0 1041.0 64.0 empezó desde la insurreccion del público,

307.0 1268.0 1041.0 58.0 en la primera representacion de Lucrecia;

307.0 1335.0 1041.0 63.0 sin embargo, el público Parisiense, muy in¬

307.0 1405.0 1036.0 66.0 dulgente, oia, desde cuatro ó cinco siglos,

309.0 1477.0 588.0 62.0 las palabras siguientes:

491.0 1560.0 416.0 60.0 Douce espérance

491.0 1632.0 485.0 52.0 Dans ma souffrance

491.0 1700.0 426.0 63.0 Quel doux espoir

497.0 1787.0 661.0 32.0 .................................

491.0 1832.0 443.0 65.0 Mon cœur palpite

493.0 1901.0 375.0 64.0 Il bat plus vite

840.0 2244.0 358.0 75.0 Digitized by Google
