1732 2412
408.0 305.0 54.0 50.0 24

666.0 313.0 469.0 35.0 BUENOS AIRES EN EL AÑO 2080

376.0 442.0 1044.0 57.0 tos viajes en tres meses,–lo que duran las

378.0 507.0 1041.0 62.0 vacaciones. El Estado es el que costea la

374.0 578.0 1044.0 65.0 instruccion pública; y los gastos que de¬

374.0 652.0 1051.0 60.0 mandan los viajes de recompensa quedan á

375.0 722.0 1048.0 64.0 cargo de los presupuestos de las Sociedades

376.0 793.0 264.0 55.0 cientificas.

435.0 858.0 990.0 65.0 Desde Linda, Enrique envió, en su nom¬

379.0 933.0 1050.0 63.0 bre y en el de su desposada, un telégrama

376.0 999.0 1047.0 67.0 á las dos familias, pidiéndoles su beneplá¬

375.0 1076.0 1052.0 58.0 cito para el matrimonio. Esto no es sinó

379.0 1147.0 1046.0 60.0 una simple fórmula respetuosa. Las contes¬

380.0 1218.0 1042.0 57.0 taciones fueron inmediatas y afirmativas,

376.0 1289.0 1050.0 59.0 como siempre. "Un casamiento no debe

383.0 1358.0 1042.0 62.0 jamás sufrir demoras," ha escrito el sábio

379.0 1427.0 566.0 63.0 legislador Cambaceres.

439.0 1502.0 990.0 59.0 Enrique encontró las contestaciones en la

380.0 1569.0 1049.0 64.0 pequeña estacion de Nueva Rica, á donde

378.0 1642.0 1047.0 59.0 se las habian dirijido "por tren volante".

378.0 1709.0 1049.0 63.0 El casamiento fué, por lo tanto, celebrado

375.0 1780.0 1047.0 62.0 inmediatamente en la Capilla del convoy

380.0 1855.0 1049.0 63.0 y ambos esposos se juraron una fidelidad

376.0 1929.0 174.0 50.0 eterna.

830.0 2283.0 354.0 66.0 Digitized by Google
