1717 2378
638.0 299.0 326.0 36.0 HISTORIA VEROSIMIL

1235.0 298.0 48.0 40.0 73

280.0 425.0 1040.0 65.0 pueblos de la tierra aceptaron esta innova¬

280.0 504.0 514.0 48.0 cion con entusiasmo.

338.0 565.0 989.0 63.0 Esta feliz revolucion debía engendrar

280.0 642.0 1047.0 59.0 Otra: se inventaron instrumentos maravi¬

280.0 705.0 1044.0 59.0 llosos que hablaban el idioma de los miste¬

280.0 779.0 1047.0 59.0 rios y de la pasion: se inventó el divino

281.0 849.0 1044.0 65.0 Erófono que es la voz del Amor, y que no

280.0 916.0 1051.0 65.0 necesita acompañar á Idolo de mi vida, ó mi

281.0 994.0 1051.0 60.0 ardor á su ardor corresponde, para espresar en

285.0 1060.0 1046.0 56.0 todos sus mas ténues matices todos los mas

285.0 1130.0 1046.0 56.0 tiernos afectos del corazon. La sinfonía,

286.0 1202.0 1038.0 66.0 propiamente dicha, jamás tuvo palabras, y

286.0 1269.0 1045.0 65.0 sin embargo ella todo lo espresa: es el me¬

285.0 1338.0 1051.0 61.0 lódico canto de lo infinito. La fantasía, el

286.0 1414.0 1046.0 63.0 amor y el pensamiento religioso, absorvie¬

286.0 1483.0 1050.0 62.0 ron, desde ese instante, el génio de los

288.0 1556.0 1047.0 63.0 grandes compositores, y produjeron obras

288.0 1626.0 1048.0 63.0 maestras. ¡Se podrá creer que se han pre¬

286.0 1693.0 1050.0 68.0 cisado siglos, para llegar á este resultado,

303 1755 1033 78 y que el Orfeo de los Cristianos, el divino

290.0 1835.0 1047.0 64.0 Rossini, ha arrojado su Moises y su Gui¬

290.0 1899.0 1050.0 69.0 llermo Tell ante los bárbaros del siglo XIX!

832.0 2249.0 363.0 69.0 Digitized by Google
