1753 2396
412.0 320.0 54.0 38.0 98

666.0 312.0 467.0 39.0 BUENOS AIRES EN EL AÑO 2080

374.0 439.0 1052.0 69.0 hácia la antigüedad Egipcia para hallar una

376.0 515.0 1049.0 56.0 tan estensa sucesion de edificios construi¬

374.0 581.0 1053.0 65.0 dos sobre dos márgenes. Es el barrio de

375.0 657.0 1055.0 61.0 la opulencia comercial. Allí se encuentran

378.0 730.0 1049.0 58.0 las mil factorias que mantienen una cor¬

375.0 798.0 1052.0 61.0 respondencia activa con el orbe entero.

378.0 866.0 1051.0 64.0 El muelle de la abundancia lo ocupa en

379.0 942.0 1051.0 57.0 toda su longitud un inmenso granero en

379.0 1006.0 1046.0 66.0 que se acumulan los productos del país des¬

379.0 1075.0 1048.0 63.0 tinados á la Exportacion: el Arroz, el Tri¬

386.0 1144.0 1040.0 68.0 go, el Maiz, la Cebada, el Azucar, el Café,

379.0 1215.0 1048.0 65.0 los Vinos, la Lana, el Lino, la Seda etc.

379.0 1289.0 1050.0 56.0 El Petróleo se halla encerrado en vastas cu¬

380.0 1359.0 1047.0 61.0 bas flotantes, de donde vienen á sacarlo

382.0 1432.0 1048.0 61.0 bombas aspirantes y de compresion á la

383.0 1502.0 1046.0 62.0 vez, para introducirlo en buques construi¬

379.0 1573.0 1051.0 62.0 dos exprofeso para el transporte de esta

379.0 1642.0 1048.0 64.0 esencia mineral llamada á reemplazar el car¬

382.0 1711.0 1045.0 66.0 bon que se ha hecho muy escaso. El embar¬

383.0 1786.0 1043.0 57.0 que de animales en pié: caballos, bueyes,

379.0 1858.0 1046.0 58.0 carneros etc., se efectúa en un estanque des¬

383.0 1930.0 985.0 56.0 tinado especialmente paraesta operacion.

831.0 2266.0 362.0 76.0 Digitized by Google
