1737 2381
672.0 297.0 326.0 36.0 HISTORIA VEROSIMIL

1272.0 294.0 44.0 44.0 15

314.0 424.0 1044.0 62.0 tídoto contra el fastidio consiguiente á los

316.0 497.0 1042.0 62.0 largos viajes, se enamoró de ella electrica¬

314.0 572.0 1049.0 61.0 mente: las pasiones al vapor concluyeron

316.0 641.0 248.0 62.0 su época!

374.0 706.0 985.0 65.0 Esta viajera se llamaba Primavera. Via¬

320.0 781.0 1041.0 65.0 jaba sola, segun es práctica de las jóve¬

316.0 853.0 1045.0 59.0 nes doncellas de alta alcurnia, pero, se¬

318.0 920.0 1047.0 64.0 gun costumbre, tambien se hallaba bajo la

317.0 992.0 1044.0 63.0 proteccion de todos los ancianos del con¬

318.0 1064.0 1045.0 63.0 voy. ¡Ay de aquél que intentara causar la

316.0 1138.0 1045.0 59.0 más leve alarma á una muger que viaja so¬

317.0 1203.0 1044.0 64.0 la! Se le aplicarian los castigos mas seve¬

318.0 1269.0 532.0 69.0 ros del Código penal.

378.0 1343.0 988.0 65.0 Las Cámaras de este país han prestado

321.0 1418.0 1045.0 63.0 grandes servicios, no sólo á su pátria, sinó

322.0 1485.0 1043.0 63.0 tambien á la humanidad entera, al redac¬

321.0 1556.0 1046.0 65.0 tar, aplicar y publicar el nuevo Código

318.0 1628.0 1048.0 63.0 Argentino, resúmen de estensos y sérios es¬

322.0 1698.0 1045.0 61.0 tudios hechos acerca de las reformas recla¬

320.0 1769.0 1050.0 64.0 madas por el Comercio, la Administracion

329.0 1838.0 1041.0 68.0 y las costumbres del pueblo al empezar el

324.0 1912.0 1043.0 66.0 siglo vigésimo primero. Ellas hicieron, so¬

827.0 2252.0 375.0 79.0 Digitized by Google
