1727 2370
644.0 302.0 328.0 36.0 HISTORIA VEROSIMIL

1242.0 300.0 48.0 41.0 75

287.0 429.0 1042.0 59.0 Estado salvaje; siembra, edifica, fecunda,

284.0 496.0 1047.0 68.0 presta á la indolencia del mediodia el genio

283.0 568.0 1051.0 67.0 del Norte, y se completa la grande obra de

285.0 641.0 363.0 54.0 la civilizacion.

345.0 711.0 990.0 61.0 Esta alegoría de la conquista del suelo

284.0 782.0 1054.0 54.0 Africano por la Francia, había obtenido en

284.0 851.0 1051.0 61.0 Paris un éxito que no se debía tan sólo al

283.0 924.0 1054.0 60.0 sentimiento de un patriotismo legendario de

287.0 992.0 1050.0 62.0 ese pais. Desde Orfeo, el genio del hombre

284.0 1063.0 1051.0 62.0 no había, en verdad, producido ninguna

287.0 1132.0 412.0 59.0 obra tan divina.

347.0 1200.0 992.0 58.0 Durante el entreacto, Cándido había ido

287.0 1277.0 1052.0 52.0 á hacerles una visita á sus dos amigos; en

287.0 1345.0 1052.0 59.0 sus ojos se veian aún las huellas de las lá¬

291.0 1418.0 1050.0 59.0 grimas que habia derramado al oir las ar¬

289.0 1487.0 1053.0 54.0 monías del maestro, cuando celebraba las

288.0 1554.0 1051.0 65.0 dichas del amor feliz y regenerador. En¬

288.0 1631.0 1054.0 60.0 rique le preguntó, con sincero interés, las

292.0 1702.0 1045.0 58.0 causas de su abatimiento, y Primavera le

291.0 1768.0 1052.0 62.0 refirió la triste historia del pobre enamo¬

293.0 1842.0 140.0 54.0 rado.

355.0 1907.0 988.0 64.0 Conmovido al or de semejante infortu¬

829.0 2241.0 368.0 75.0 Digitized by Google
