1755 2396
420.0 308.0 79.0 51.0 100

676.0 308.0 467.0 42.0 BUENOS AIRES EN EL AÑO 2080

383.0 441.0 1045.0 68.0 por fin, fué que el gobierno comprendió que

380.0 513.0 1048.0 62.0 los gastos hechos en favor de los inmigran¬

383.0 588.0 1045.0 60.0 tes, que las prímas que se les ofrecian, se¬

378.0 656.0 1053.0 65.0 rian devueltas con el céntuplo al país, con

379.0 724.0 1047.0 64.0 la industria y el trabajo de las familias es¬

379.0 797.0 1048.0 65.0 trangeras que vendrian á poblar las sole¬

378.0 865.0 1049.0 64.0 dades de la Pampa. La corriente de la in¬

379.0 947.0 1048.0 52.0 migracion una vez en movimiento, no se

378.0 1006.0 1048.0 64.0 detuvo más é hizo de la República Argen¬

378.0 1078.0 1050.0 56.0 tino la rema de los Estados de la América

379.0 1152.0 1051.0 61.0 del Sur. La inmigracion China por sí sola

384.0 1223.0 1043.0 60.0 –que no empezó sinó hácia 1885–no nos

376.0 1293.0 1048.0 54.0 ha traido menos de dos millones de colonos.

436.0 1357.0 988.0 64.0 Para la salubridad de estos grandes cen¬

376.0 1432.0 1050.0 64.0 tros marítimos tan populosos, hácia 1950

374.0 1502.0 1052.0 63.0 se plantó un bosque de 800 cuadras de su¬

376.0 1573.0 1054.0 62.0 perficie, como á dos kis de la entrada del

375.0 1642.0 1051.0 68.0 puerto, sobre la márgen derecha del Ria¬

372.0 1715.0 1052.0 64.0 chuelo, y apenas á cien metros del rio. Sirve

374.0 1785.0 1053.0 66.0 de parque, de jardin público, de paseo á

375.0 1854.0 1051.0 64.0 este inmenso barrio del Puerto. El público

372.0 1927.0 1052.0 65.0 encuentra allí, sin pagar por ello, todas las

839.0 2268.0 350.0 68.0 Digitized by Google
