1729 2387
656.0 289.0 327.0 35.0 HISTORIA VEROSIMIL

1256.0 285.0 47.0 49.0 45

294.0 419.0 1050.0 65.0 quisiera invitarles á que se entregaran li¬

298.0 488.0 1044.0 59.0 bremente á las suaves hablillas de la mesa,

298.0 560.0 1050.0 59.0 pero ella tambien tiene un dedo sobre la

295.0 628.0 1049.0 66.0 boca, que les dice que callen despues de

295.0 701.0 1053.0 53.0 salir de ese recinto: lo hablado en la mesa

294.0 773.0 1054.0 59.0 no debe repetirse fuera de ella. Antigua

293.0 843.0 1048.0 61.0 máxima moral, rejuvenecida por la moder¬

294.0 913.0 380.0 53.0 na civilizacion.

352.0 981.0 990.0 61.0 En la sociedad de antaño, la conversa¬

293.0 1056.0 1052.0 52.0 cion de sobremesa rodaba sobre una opereta

294.0 1123.0 1051.0 61.0 que había tenido un éxito escandaloso, ó

294.0 1196.0 1050.0 61.0 acerca de la vida y milagros de una mujer

294.0 1263.0 1054.0 56.0 á la moda, ó se hablaba de la nariz de una

294.0 1336.0 1051.0 61.0 cómica, ó de la ruptura habida entre dos

297.0 1410.0 1051.0 52.0 amantes conocidos, ó de carreras, ó de mil

295.0 1474.0 1050.0 58.0 futilezas del mismo calibre. Estas frivoli¬

297.0 1554.0 1045.0 55.0 dades y comadrerías ya no se ven en nues¬

299.0 1620.0 1049.0 54.0 tros dias: se habla, durante la comida, de

298.0 1693.0 1044.0 61.0 historia, de viajes, de ciencias, artes y li¬

299.0 1763.0 221.0 51.0 teratura.

301.0 1900.0 1044.0 66.0 pública en Inglaterra, noticia que llegó en

833.0 2259.0 358.0 76.0 Digitized by Google
