1734 2398
409.0 351.0 54.0 40.0 18

659.0 353.0 469.0 33.0 BUEXOS AIRES EN EL AÑO 2080

371.0 482.0 1048.0 58.0 teña elegante, reunirse á ciertas horas del

369.0 548.0 1045.0 64.0 dia y de la noche á lo largo de las aceras,

369.0 620.0 1051.0 63.0 en los ángulos de las puertas, á la entrada

370.0 692.0 1046.0 64.0 de las tiendas en boga, y allí, en una pos¬

373.0 766.0 1043.0 61.0 tura provocativa, con el cigarro ó el cigar¬

370.0 831.0 1046.0 61.0 rillo en los lábios, la chuscada en la boca,

371.0 904.0 1045.0 55.0 lanzar miradas atrevidas y desvergonzadas

373.0 973.0 1045.0 66.0 á las infelices mugeres que pasaban, tanto

382.0 1048.0 1033.0 60.0 jovenes como viejas, ricas ó pobres, casa¬

377.0 1113.0 1039.0 62.0 das ó solteras, honradas ó nó, cualquiera

381.0 1187.0 786.0 57.0 que fuese su condicion ó estado.

435.0 1252.0 984.0 64.0 Nada diré de las óperas, ni de las óperas

377.0 1326.0 1041.0 60.0 cómicas, ni de las operetas que hacian las

381.0 1397.0 1038.0 64.0 delicias de aquellos tiempos, pero tengo

379.0 1466.0 1043.0 62.0 empeño en citar un ejemplo de la literatura

378.0 1536.0 1042.0 63.0 dramática, que, en el primer Teatro del pue¬

379.0 1605.0 1041.0 54.0 blo más civilizado del mundo, era entonces

381.0 1677.0 1038.0 62.0 aplaudido por lo selecto entre los hombres

382.0 1746.0 267.0 55.0 de talento.

442.0 1819.0 981.0 62.0 Uno de los más ilustres poetas se atrevió

377.0 1893.0 1041.0 62.0 á poner en escena á un joven abogado que,

379.0 1962.0 1040.0 61.0 loco de alegría por sus triunfos obtenidos

838.0 2268.0 354.0 78.0 Digitized by Google
