1736 2381
677.0 297.0 331.0 35.0 HISTORIA VEROSIMIL

1278.0 292.0 50.0 47.0 67

385.0 417.0 980.0 68.0 –Concedido. Prefecto ¿es Vd. casado?

389.0 496.0 324.0 60.0 –Soy viudo.

382.0 563.0 986.0 61.0 –Vuélvase á casar, "id, creced, multi¬

316.0 630.0 504.0 68.0 plicad y fertilizad."

370.0 702.0 994.0 63.0 El ministro llegó al velador de Enrique,

320.0 783.0 526.0 58.0 y este se espresó así:

381.0 843.0 984.0 67.0 –Soy Enrique, hijo de Pedro, Prefecto

314.0 916.0 1051.0 64.0 de Coluguape. He recibido esta mañana

316.0 985.0 1048.0 66.0 el telégrama del Sr. Ministro, cuyas órde¬

317.0 1068.0 281.0 55.0 nes espero.

420.0 1128.0 945.0 62.0 –¿Es Vd. el que ha descubierto una

317.0 1202.0 1052.0 61.0 nueva mina de cobre en la provincia de

318.0 1269.0 1050.0 67.0 la Rioja, ese país de las codornices silves¬

322.0 1345.0 131.0 51.0 tres?

407.0 1415.0 962.0 58.0 –Sí, y pido con la concesion de esa mi¬

318.0 1485.0 1054.0 61.0 na, una brigada de doscientos presos obre¬

322.0 1564.0 101.0 45.0 ros.

396.0 1624.0 973.0 63.0 –¿Qué profundidad tienen sus minas?

395.0 1695.0 977.0 62.0 –Desde diez hasta diez y ocho metros.

324.0 1767.0 491.0 61.0 A cielo descubierto.

408.0 1838.0 965.0 61.0 –Entónces, de los que están condena¬

326.0 1910.0 1046.0 60.0 dos á ménos de tres años.–Concedido,

838.0 2254.0 353.0 71.0 Digitized by Google
