1725 2385
432.0 276.0 61.0 49.0 14

682.0 275.0 467.0 41.0 BUENOS AIRES EN EL AÑO 2080

393.0 413.0 1041.0 58.0 se de trages y otros artículos necesarios,

395.0 480.0 1044.0 64.0 lo que dispensa de llevar, como sucedía

396.0 556.0 1043.0 61.0 antes, esos bagajes tan pesados llamados

396.0 629.0 1042.0 60.0 baules, cajas y cajones, sombrereras, car¬

396.0 699.0 367.0 56.0 tones etc., etc.

460.0 767.0 979.0 58.0 Tocante al servicio de sus empleados,

391.0 836.0 1044.0 61.0 cumplen con él con tanta amabilidad y

395.0 906.0 1044.0 63.0 modales tan finos, que el proverbio: "Cor¬

399.0 975.0 1047.0 62.0 tés como un empleado del Ferro-Carril

397.0 1046.0 1049.0 60.0 Sud-Americano" se ha introducido en la

397.0 1116.0 1050.0 67.0 lengua de todos los pueblos. Debemos, á

399.0 1191.0 1044.0 63.0 fuer de verídicos, agregar que esta corte¬

399.0 1260.0 1048.0 61.0 sía, no tan sólo se halla en las líneas de

400.0 1330.0 1045.0 63.0 los Ferro-Carriles, sinó que tambien la ve¬

400.0 1401.0 1047.0 61.0 mos en los empleados de todas las Admi¬

401.0 1474.0 1046.0 60.0 nistraciones del servicio público: en las

401.0 1544.0 1044.0 63.0 oficinas de los Ministerios, por do quier,

401.0 1615.0 1040.0 61.0 los visitantes reciben una acogida amable y

403.0 1685.0 196.0 56.0 solícita.

464.0 1755.0 982.0 64.0 Mientras se paseaba por los vestíbulos,

404.0 1825.0 1049.0 64.0 Enrique se fijó en una jóven de estremada

405.0 1898.0 1041.0 61.0 hermosura, y, siendo el amor el unico an¬

829.0 2257.0 362.0 68.0 Digitized by Google
