<?xml version="1.0" encoding="UTF-8"?>
<alto xmlns:xsi="http://www.w3.org/2001/XMLSchema-instance"
      xmlns="http://www.loc.gov/standards/alto/ns-v4#"
      xsi:schemaLocation="http://www.loc.gov/standards/alto/ns-v4# http://www.loc.gov/standards/alto/v4/alto-4-2.xsd">
  <Description>
    <MeasurementUnit>pixel</MeasurementUnit>
    <sourceImageInformation>
      <fileName>29432353.png</fileName>
    </sourceImageInformation>
  </Description>
  <Tags>
    <OtherTag ID="BT7" LABEL="CustomZone" DESCRIPTION="block type CustomZone"/><OtherTag ID="BT8" LABEL="DamageZone" DESCRIPTION="block type DamageZone"/><OtherTag ID="BT9" LABEL="DigitizationArtefactZone" DESCRIPTION="block type DigitizationArtefactZone"/><OtherTag ID="BT10" LABEL="DropCapitalZone" DESCRIPTION="block type DropCapitalZone"/><OtherTag ID="BT11" LABEL="GraphicZone" DESCRIPTION="block type GraphicZone"/><OtherTag ID="BT12" LABEL="MainZone" DESCRIPTION="block type MainZone"/><OtherTag ID="BT13" LABEL="MarginTextZone" DESCRIPTION="block type MarginTextZone"/><OtherTag ID="BT14" LABEL="MusicZone" DESCRIPTION="block type MusicZone"/><OtherTag ID="BT15" LABEL="NumberingZone" DESCRIPTION="block type NumberingZone"/><OtherTag ID="BT17" LABEL="QuireMarksZone" DESCRIPTION="block type QuireMarksZone"/><OtherTag ID="BT18" LABEL="RunningTitleZone" DESCRIPTION="block type RunningTitleZone"/><OtherTag ID="BT19" LABEL="SealZone" DESCRIPTION="block type SealZone"/><OtherTag ID="BT20" LABEL="StampZone" DESCRIPTION="block type StampZone"/><OtherTag ID="BT21" LABEL="TableZone" DESCRIPTION="block type TableZone"/><OtherTag ID="BT22" LABEL="TitlePageZone" DESCRIPTION="block type TitlePageZone"/><OtherTag ID="BT28" LABEL="CustomZone:Numbering" DESCRIPTION="block type CustomZone:Numbering"/><OtherTag ID="BT29" LABEL="NumberingZone:page" DESCRIPTION="block type NumberingZone:page"/><OtherTag ID="BT30" LABEL="NumberingZone:folio" DESCRIPTION="block type NumberingZone:folio"/>
    <OtherTag ID="LT7" LABEL="CustomLine" DESCRIPTION="line type CustomLine"/><OtherTag ID="LT8" LABEL="DefaultLine" DESCRIPTION="line type DefaultLine"/><OtherTag ID="LT9" LABEL="DropCapitalLine" DESCRIPTION="line type DropCapitalLine"/><OtherTag ID="LT10" LABEL="HeadingLine" DESCRIPTION="line type HeadingLine"/><OtherTag ID="LT11" LABEL="InterlinearLine" DESCRIPTION="line type InterlinearLine"/><OtherTag ID="LT12" LABEL="MusicLine" DESCRIPTION="line type MusicLine"/>
  </Tags>
  <Layout>
    <Page WIDTH="1779"
          HEIGHT="2374"
          PHYSICAL_IMG_NR="108"
          ID="eSc_dummypage_">
      <PrintSpace HPOS="0"
                  VPOS="0"
                  WIDTH="1779"
                  HEIGHT="2374">
        <TextBlock HPOS="719.0"
                   VPOS="287.0"
                   WIDTH="342.0"
                   HEIGHT="42.0"
                   ID="block_0"
                   TAGREFS="BT18">
          <Shape><Polygon POINTS="1061 287 1061 329 719 329 719 287"/></Shape>
          <TextLine ID="line_0"
                    TAGREFS="LT8"
                    BASELINE="727 313 1053 316" 
                    HPOS="725.0"
                    VPOS="290.0"
                    WIDTH="328.0"
                    HEIGHT="35.0">
            <Shape><Polygon POINTS="727 313 725 323 1050 325 1053 316 1051 292 727 290 727 313"/></Shape>
	    <String CONTENT="HISTORIA VEROSIMIL"
                    HPOS="725.0"
                    VPOS="290.0"
                    WIDTH="328.0"
                    HEIGHT="35.0"></String>
          </TextLine>
        </TextBlock>
        <TextBlock HPOS="1293.0"
                   VPOS="277.0"
                   WIDTH="98.0"
                   HEIGHT="55.0"
                   ID="block_3"
                   TAGREFS="BT29">
          <Shape><Polygon POINTS="1391 277 1391 332 1293 332 1293 277"/></Shape>
          <TextLine ID="line_16"
                    TAGREFS="LT8"
                    BASELINE="1307 323 1373 320" 
                    HPOS="1305.0"
                    VPOS="290.0"
                    WIDTH="68.0"
                    HEIGHT="42.0">
            <Shape><Polygon POINTS="1307 323 1307 332 1372 331 1373 320 1369 290 1305 291 1307 323"/></Shape>
	    <String CONTENT="109"
                    HPOS="1305.0"
                    VPOS="290.0"
                    WIDTH="68.0"
                    HEIGHT="42.0"></String>
          </TextLine>
        </TextBlock>
        <TextBlock HPOS="351.0"
                   VPOS="412.0"
                   WIDTH="1085.0"
                   HEIGHT="1564.0"
                   ID="block_1"
                   TAGREFS="BT12">
          <Shape><Polygon POINTS="1436 412 1436 1976 351 1976 351 412"/></Shape>
          <TextLine ID="line_1"
                    TAGREFS="LT8"
                    BASELINE="366 461 1413 464" 
                    HPOS="365.0"
                    VPOS="419.0"
                    WIDTH="1048.0"
                    HEIGHT="61.0">
            <Shape><Polygon POINTS="366 461 365 470 378 478 380 478 381 478 382 480 509 480 509 478 510 478 512 478 519 472 542 478 543 478 545 478 592 472 625 478 626 478 896 473 905 480 906 480 907 480 909 480 946 473 959 480 960 480 962 480 1412 472 1413 464 1412 435 1315 431 1303 420 1302 420 1301 420 1299 420 1298 420 1265 433 1264 433 1243 433 1203 432 1185 420 1183 420 1182 420 1156 420 1154 420 1153 420 1128 432 1125 433 1078 432 1058 432 1043 420 1042 420 1041 420 1039 420 979 432 975 432 971 432 921 420 919 420 918 420 917 420 902 431 898 433 807 433 803 431 785 419 783 419 782 419 715 419 713 419 712 419 711 419 698 429 675 419 674 419 618 419 617 419 616 419 614 419 601 429 599 432 592 429 564 419 563 419 543 419 542 419 541 419 539 419 527 429 522 433 406 433 398 428 384 419 382 419 381 419 380 419 378 419 377 419 366 426 366 461"/></Shape>
	    <String CONTENT="tian y de Cándido en el embarcadero Ame¬"
                    HPOS="365.0"
                    VPOS="419.0"
                    WIDTH="1048.0"
                    HEIGHT="61.0"></String>
          </TextLine>
          <TextLine ID="line_2"
                    TAGREFS="LT8"
                    BASELINE="364 532 1413 535" 
                    HPOS="362.0"
                    VPOS="490.0"
                    WIDTH="1051.0"
                    HEIGHT="62.0">
            <Shape><Polygon POINTS="364 532 362 543 369 548 370 548 372 548 514 551 516 551 517 551 546 542 579 549 580 549 582 549 736 548 737 548 739 548 748 542 789 548 790 548 881 542 890 549 892 549 893 549 894 551 1041 551 1041 549 1042 549 1043 549 1053 543 1128 549 1129 549 1131 549 1145 543 1157 552 1158 552 1160 552 1161 552 1412 542 1413 535 1412 507 1211 499 1210 499 1141 506 1137 506 1136 506 1116 491 1115 491 1113 491 1088 491 1087 491 1086 491 1084 491 1066 506 1065 506 1025 491 1024 491 984 491 983 491 981 491 980 491 963 505 877 505 857 490 856 490 855 490 786 490 785 490 783 490 782 490 764 505 716 490 715 490 713 490 712 490 667 502 647 490 646 490 645 490 578 490 576 490 575 490 574 490 555 505 554 505 364 505 364 532"/></Shape>
	    <String CONTENT="ricano, delante del muelle de pasajeros."
                    HPOS="362.0"
                    VPOS="490.0"
                    WIDTH="1051.0"
                    HEIGHT="62.0"></String>
          </TextLine>
          <TextLine ID="line_3"
                    TAGREFS="LT8"
                    BASELINE="365 605 1414 602" 
                    HPOS="364.0"
                    VPOS="560.0"
                    WIDTH="1050.0"
                    HEIGHT="65.0">
            <Shape><Polygon POINTS="365 605 365 614 549 614 550 614 563 623 564 623 566 623 567 625 605 625 605 623 745 614 748 614 752 614 867 623 868 623 869 623 882 617 937 622 938 622 1038 613 1047 613 1136 613 1150 619 1152 619 1153 621 1272 621 1272 619 1273 619 1292 613 1299 619 1301 619 1302 619 1377 621 1379 621 1380 621 1414 611 1414 602 1412 575 1385 575 1363 560 1361 560 1360 560 1317 560 1315 560 1314 560 1313 560 1294 575 1253 575 1233 560 1232 560 1231 560 1190 560 1189 560 1187 560 1186 560 1171 572 1138 560 1137 560 1136 560 1134 560 1133 560 1117 573 1100 560 1099 560 1098 560 1072 560 1071 560 1070 560 1068 560 1051 575 1021 575 988 560 987 560 985 560 984 560 956 575 877 576 794 576 773 561 772 561 770 561 748 561 746 561 745 561 744 561 725 576 698 576 665 561 663 561 662 561 661 561 633 576 531 576 486 573 472 561 471 561 469 561 388 561 386 561 385 561 384 561 364 573 365 605"/></Shape>
	    <String CONTENT="Allí se apostan los paquetes de hélice eléc¬"
                    HPOS="364.0"
                    VPOS="560.0"
                    WIDTH="1050.0"
                    HEIGHT="65.0"></String>
          </TextLine>
          <TextLine ID="line_4"
                    TAGREFS="LT8"
                    BASELINE="366 673 1417 677" 
                    HPOS="365.0"
                    VPOS="630.0"
                    WIDTH="1052.0"
                    HEIGHT="66.0">
            <Shape><Polygon POINTS="366 673 365 681 378 691 380 691 381 691 382 691 481 684 492 692 493 692 494 692 496 692 575 689 576 689 578 689 587 683 642 692 644 692 732 691 733 691 735 691 743 684 761 691 762 691 764 691 803 684 818 691 819 691 820 691 1054 684 1065 691 1066 691 1067 691 1068 691 1098 685 1195 695 1196 696 1232 696 1232 695 1233 695 1235 695 1248 685 1416 685 1417 677 1417 647 1302 646 1274 633 1273 633 1272 633 1270 633 1245 646 1244 647 1185 647 1182 644 1158 633 1157 633 1156 633 1154 633 1136 642 1124 633 1123 633 1121 633 1066 631 1065 631 1063 631 1039 643 1017 631 1016 631 993 631 992 631 991 631 989 631 973 643 958 631 956 631 955 631 930 631 929 631 927 631 926 631 911 643 910 644 906 643 877 631 876 631 778 631 777 631 776 631 774 631 760 642 756 644 636 643 634 642 620 630 618 630 617 630 597 630 596 630 595 630 593 630 580 640 576 643 399 643 395 639 384 630 382 630 381 630 380 630 378 630 377 630 366 637 366 673"/></Shape>
	    <String CONTENT="trica que bajan el Rio de la Plata y toman"
                    HPOS="365.0"
                    VPOS="630.0"
                    WIDTH="1052.0"
                    HEIGHT="66.0"></String>
          </TextLine>
          <TextLine ID="line_5"
                    TAGREFS="LT8"
                    BASELINE="368 743 1417 747" 
                    HPOS="366.0"
                    VPOS="700.0"
                    WIDTH="1051.0"
                    HEIGHT="62.0">
            <Shape><Polygon POINTS="368 743 366 751 382 759 384 759 385 759 715 754 725 760 727 760 728 760 729 760 1059 755 1067 762 1068 762 1070 762 1071 762 1416 755 1417 747 1417 720 1387 702 1385 702 1361 702 1360 702 1359 702 1358 702 1338 718 1295 702 1294 702 1220 702 1219 702 1218 702 1216 702 1204 712 1174 702 1173 702 1171 702 1170 702 1169 702 1149 718 1148 720 1113 720 1103 718 1001 712 1000 712 947 717 914 701 913 701 911 701 910 701 909 701 888 717 888 718 851 718 849 717 830 701 828 701 827 701 794 701 793 701 791 701 790 701 773 714 756 701 754 701 753 701 727 701 725 701 724 701 723 701 703 716 683 700 682 700 680 700 679 700 678 700 617 716 576 700 575 700 574 700 572 700 549 712 521 700 519 700 518 700 517 700 516 700 494 716 457 700 456 700 455 700 453 700 452 700 432 716 431 716 368 716 368 743"/></Shape>
	    <String CONTENT="vuelo hácia la India, tocan en el Cabo de"
                    HPOS="366.0"
                    VPOS="700.0"
                    WIDTH="1051.0"
                    HEIGHT="62.0"></String>
          </TextLine>
          <TextLine ID="line_6"
                    TAGREFS="LT8"
                    BASELINE="366 817 1418 817" 
                    HPOS="366.0"
                    VPOS="772.0"
                    WIDTH="1052.0"
                    HEIGHT="62.0">
            <Shape><Polygon POINTS="366 817 366 826 558 826 609 834 611 834 700 828 855 834 856 834 857 834 859 834 871 826 1195 826 1285 834 1286 834 1288 834 1289 834 1298 826 1321 833 1322 833 1323 833 1418 825 1418 817 1418 778 1401 772 1400 772 1398 772 1397 772 1396 772 1388 779 1376 788 1256 788 1219 778 1199 772 1198 772 1196 772 1195 772 1194 772 1189 778 1178 784 1169 778 1162 772 1161 772 1160 772 1105 772 1104 772 1103 772 1101 772 1096 776 1082 788 1029 788 988 776 972 772 971 772 970 772 968 772 967 772 962 776 947 787 930 776 925 772 923 772 922 772 881 772 880 772 878 772 877 772 873 776 861 786 827 788 653 788 613 774 607 772 605 772 559 772 558 772 556 772 555 772 554 774 535 788 444 788 414 774 411 772 410 772 409 772 366 772 366 817"/></Shape>
	    <String CONTENT="Buena Esperanza y Borbon. No hay sinó"
                    HPOS="366.0"
                    VPOS="772.0"
                    WIDTH="1052.0"
                    HEIGHT="62.0"></String>
          </TextLine>
          <TextLine ID="line_7"
                    TAGREFS="LT8"
                    BASELINE="366 883 1416 887" 
                    HPOS="365.0"
                    VPOS="841.0"
                    WIDTH="1051.0"
                    HEIGHT="62.0">
            <Shape><Polygon POINTS="366 883 365 892 378 900 380 900 381 900 382 902 580 902 580 900 618 894 731 902 732 902 733 902 746 895 795 902 797 903 855 903 855 902 856 902 857 902 867 895 1047 895 1080 902 1082 902 1414 895 1416 887 1416 859 1365 844 1364 844 1339 844 1338 844 1336 844 1335 844 1325 853 1282 844 1281 844 1215 858 1203 861 1191 858 1161 853 1160 853 1158 853 1146 858 1144 859 1134 858 1090 853 1088 853 1087 853 1074 858 1067 852 1066 852 1065 852 1063 852 1021 858 1014 859 1012 858 1005 853 1004 853 1002 853 1001 853 977 855 959 842 958 842 956 842 923 842 922 842 921 842 919 842 898 858 896 861 845 861 843 858 822 842 820 842 819 842 783 842 782 842 781 842 779 842 758 858 756 861 741 861 737 858 712 841 711 841 710 841 708 841 634 858 630 859 612 859 611 858 587 841 585 841 584 841 519 841 518 841 517 841 516 841 496 857 483 858 471 858 366 858 366 883"/></Shape>
	    <String CONTENT="una salida cada dia. Son como ciudades"
                    HPOS="365.0"
                    VPOS="841.0"
                    WIDTH="1051.0"
                    HEIGHT="62.0"></String>
          </TextLine>
          <TextLine ID="line_8"
                    TAGREFS="LT8"
                    BASELINE="365 957 1416 957" 
                    HPOS="365.0"
                    VPOS="915.0"
                    WIDTH="1051.0"
                    HEIGHT="62.0">
            <Shape><Polygon POINTS="365 957 365 965 567 968 576 975 578 975 579 975 580 975 582 975 608 966 798 973 799 973 801 973 827 966 898 975 900 975 1149 966 1286 966 1301 975 1302 975 1303 975 1305 977 1344 977 1344 975 1416 965 1416 957 1416 928 1392 915 1390 915 1389 915 1325 915 1323 915 1322 915 1292 929 1273 929 1211 928 1195 915 1194 915 1193 915 1191 915 1190 915 1158 928 1154 929 1150 928 1133 923 1132 923 1131 923 1129 923 1116 928 1095 915 1094 915 1092 915 1091 915 973 927 942 929 909 925 877 923 876 923 849 925 814 929 806 925 793 915 791 915 790 915 764 915 762 915 761 915 760 915 748 924 740 929 684 924 669 923 667 923 650 924 571 929 547 923 522 915 521 915 519 915 486 921 471 925 461 921 444 915 443 915 442 915 440 915 423 921 420 923 418 921 409 915 407 915 406 915 405 915 365 920 365 957"/></Shape>
	    <String CONTENT="flotantes; su mole no perjudica á su ajili¬"
                    HPOS="365.0"
                    VPOS="915.0"
                    WIDTH="1051.0"
                    HEIGHT="62.0"></String>
          </TextLine>
          <TextLine ID="line_9"
                    TAGREFS="LT8"
                    BASELINE="365 1028 1418 1028" 
                    HPOS="365.0"
                    VPOS="983.0"
                    WIDTH="1053.0"
                    HEIGHT="62.0">
            <Shape><Polygon POINTS="365 1028 365 1036 456 1045 457 1045 459 1045 484 1037 683 1037 728 1045 729 1045 799 1037 950 1037 964 1044 966 1044 967 1044 1144 1037 1207 1044 1208 1044 1248 1037 1265 1045 1266 1045 1268 1045 1404 1044 1405 1044 1418 1036 1418 1028 1418 997 1379 983 1377 983 1376 983 1375 983 1346 998 1256 998 1237 983 1236 983 1235 983 1233 983 1203 990 1177 983 1175 983 1174 983 1173 983 1171 983 1154 997 1119 983 1117 983 1043 983 1042 983 1041 983 1014 997 1014 998 853 998 852 997 832 983 831 983 830 983 828 983 827 983 779 997 778 997 776 997 731 983 729 983 708 983 707 983 706 983 704 983 686 997 667 983 666 983 665 983 663 983 662 983 616 997 612 998 479 998 477 997 460 983 459 983 457 983 456 983 455 983 419 994 381 983 380 983 378 983 377 983 376 983 365 991 365 1028"/></Shape>
	    <String CONTENT="dad, merced al poder irresistible del agente"
                    HPOS="365.0"
                    VPOS="983.0"
                    WIDTH="1053.0"
                    HEIGHT="62.0"></String>
          </TextLine>
          <TextLine ID="line_10"
                    TAGREFS="LT8"
                    BASELINE="366 1099 1421 1099" 
                    HPOS="366.0"
                    VPOS="1057.0"
                    WIDTH="1055.0"
                    HEIGHT="61.0">
            <Shape><Polygon POINTS="366 1099 366 1106 394 1114 395 1114 397 1114 674 1107 743 1117 744 1118 802 1118 802 1117 803 1117 805 1117 816 1107 902 1107 911 1114 913 1114 914 1114 915 1114 917 1114 918 1114 926 1109 958 1117 959 1117 960 1117 1013 1115 1014 1115 1016 1115 1026 1107 1082 1115 1083 1115 1084 1115 1100 1107 1351 1115 1352 1115 1354 1115 1369 1107 1388 1114 1389 1114 1390 1114 1392 1114 1421 1106 1421 1099 1421 1063 1394 1057 1393 1057 1392 1057 1383 1061 1368 1070 1352 1061 1346 1057 1344 1057 1343 1057 1315 1057 1314 1057 1313 1057 1311 1057 1306 1061 1298 1068 1096 1070 1079 1060 1075 1057 1074 1057 1072 1057 1046 1057 1045 1057 1043 1057 1042 1057 1039 1060 1024 1072 793 1072 753 1068 743 1059 741 1057 740 1057 739 1057 675 1057 674 1057 673 1057 671 1057 671 1059 653 1072 608 1072 546 1057 542 1057 541 1057 539 1057 538 1057 509 1070 431 1064 430 1064 428 1064 413 1069 397 1057 395 1057 394 1057 366 1057 366 1099"/></Shape>
	    <String CONTENT="locomotor. Hoy, un viaje de un mundo á"
                    HPOS="366.0"
                    VPOS="1057.0"
                    WIDTH="1055.0"
                    HEIGHT="61.0"></String>
          </TextLine>
          <TextLine ID="line_11"
                    TAGREFS="LT8"
                    BASELINE="365 1169 1421 1169" 
                    HPOS="365.0"
                    VPOS="1131.0"
                    WIDTH="1056.0"
                    HEIGHT="58.0">
            <Shape><Polygon POINTS="365 1169 365 1180 439 1180 463 1188 464 1188 465 1188 467 1188 492 1180 835 1180 894 1188 896 1188 988 1181 1025 1187 1026 1187 1028 1187 1029 1187 1037 1180 1047 1188 1049 1188 1050 1188 1051 1188 1053 1188 1079 1180 1132 1188 1133 1189 1170 1189 1170 1188 1171 1188 1173 1188 1185 1180 1400 1187 1401 1187 1402 1187 1421 1179 1421 1169 1421 1140 1396 1131 1394 1131 1393 1131 1317 1140 1079 1131 1078 1131 1076 1131 1051 1142 465 1142 398 1131 397 1131 395 1131 365 1140 365 1169"/></Shape>
	    <String CONTENT="otro, se mira como un paseo; hay trenes de"
                    HPOS="365.0"
                    VPOS="1131.0"
                    WIDTH="1056.0"
                    HEIGHT="58.0"></String>
          </TextLine>
          <TextLine ID="line_12"
                    TAGREFS="LT8"
                    BASELINE="366 1241 1416 1238" 
                    HPOS="365.0"
                    VPOS="1197.0"
                    WIDTH="1051.0"
                    HEIGHT="61.0">
            <Shape><Polygon POINTS="366 1241 366 1250 589 1250 629 1256 630 1256 793 1250 802 1256 803 1256 805 1256 888 1258 889 1258 890 1258 914 1248 933 1256 934 1256 935 1256 1013 1255 1014 1255 1016 1255 1025 1248 1075 1256 1076 1256 1078 1256 1091 1250 1237 1256 1239 1256 1240 1256 1241 1256 1251 1248 1260 1256 1261 1256 1262 1256 1264 1256 1311 1248 1383 1256 1384 1256 1385 1256 1416 1246 1416 1238 1414 1212 1371 1197 1369 1197 1330 1197 1328 1197 1327 1197 1326 1197 1309 1210 1257 1197 1256 1197 1255 1197 1253 1197 1252 1197 1235 1210 948 1205 947 1205 865 1212 845 1198 844 1198 843 1198 841 1198 740 1212 720 1198 719 1198 717 1198 694 1198 692 1198 691 1198 690 1198 667 1212 644 1212 626 1198 625 1198 624 1198 622 1198 571 1205 547 1198 546 1198 545 1198 543 1198 542 1198 526 1212 508 1205 506 1205 374 1205 373 1205 372 1205 370 1205 370 1206 365 1210 366 1241"/></Shape>
	    <String CONTENT="recreo todos los dias, que recorren la dis¬"
                    HPOS="365.0"
                    VPOS="1197.0"
                    WIDTH="1051.0"
                    HEIGHT="61.0"></String>
          </TextLine>
          <TextLine ID="line_13"
                    TAGREFS="LT8"
                    BASELINE="368 1312 1156 1312" 
                    HPOS="368.0"
                    VPOS="1268.0"
                    WIDTH="788.0"
                    HEIGHT="54.0">
            <Shape><Polygon POINTS="368 1312 368 1322 1156 1322 1156 1312 1156 1284 1074 1283 1051 1268 1050 1268 1049 1268 1047 1268 996 1275 975 1268 973 1268 972 1268 971 1268 970 1268 970 1270 955 1283 938 1283 855 1281 843 1270 843 1268 841 1268 840 1268 839 1268 838 1268 811 1283 810 1283 808 1283 778 1276 777 1276 696 1283 686 1283 684 1283 653 1268 651 1268 609 1268 608 1268 607 1268 605 1268 605 1270 592 1283 567 1268 566 1268 546 1268 545 1268 543 1268 542 1268 542 1270 529 1281 527 1283 415 1283 414 1281 389 1268 388 1268 386 1268 385 1268 384 1268 368 1279 368 1312"/></Shape>
	    <String CONTENT="tancia de Buenos Aires á Paris."
                    HPOS="368.0"
                    VPOS="1268.0"
                    WIDTH="788.0"
                    HEIGHT="54.0"></String>
          </TextLine>
          <TextLine ID="line_14"
                    TAGREFS="LT10"
                    BASELINE="860 1475 947 1475" 
                    HPOS="860.0"
                    VPOS="1427.0"
                    WIDTH="87.0"
                    HEIGHT="58.0">
            <Shape><Polygon POINTS="860 1485 947 1485 947 1475 947 1427 860 1427 860 1475"/></Shape>
	    <String CONTENT="XI"
                    HPOS="860.0"
                    VPOS="1427.0"
                    WIDTH="87.0"
                    HEIGHT="58.0"></String>
          </TextLine>
          <TextLine ID="line_17"
                    TAGREFS="LT8"
                    BASELINE="428 1597 1416 1594" 
                    HPOS="427.0"
                    VPOS="1548.0"
                    WIDTH="989.0"
                    HEIGHT="67.0">
            <Shape><Polygon POINTS="428 1597 428 1605 551 1605 558 1605 618 1614 620 1614 621 1614 622 1614 632 1606 700 1605 715 1605 716 1605 727 1614 728 1614 729 1614 731 1615 770 1615 770 1614 815 1605 816 1605 877 1611 878 1611 880 1611 894 1605 1216 1605 1227 1613 1228 1613 1229 1613 1231 1614 1325 1614 1325 1613 1326 1613 1327 1613 1339 1603 1383 1613 1384 1613 1385 1613 1416 1602 1416 1594 1413 1564 1352 1564 1351 1562 1335 1549 1334 1549 1332 1549 1331 1549 1330 1549 1328 1549 1315 1558 1302 1548 1301 1548 1299 1548 1298 1548 1297 1548 1295 1548 1276 1562 1273 1564 1211 1564 1208 1561 1191 1549 1190 1549 1189 1549 1187 1549 1186 1549 1161 1561 1157 1564 1070 1564 1066 1560 1051 1548 1050 1548 1049 1548 1047 1548 1046 1548 1024 1560 1017 1562 983 1562 979 1558 966 1548 964 1548 963 1548 962 1548 914 1558 889 1564 881 1558 868 1549 867 1549 865 1549 831 1549 830 1549 828 1549 827 1549 818 1557 808 1565 707 1565 691 1556 678 1549 677 1549 675 1549 674 1549 657 1556 641 1564 583 1564 566 1554 554 1549 552 1549 551 1549 427 1553 428 1597"/></Shape>
	    <String CONTENT="El Paquete que llevaba á nuestros jóve¬"
                    HPOS="427.0"
                    VPOS="1548.0"
                    WIDTH="989.0"
                    HEIGHT="67.0"></String>
          </TextLine>
          <TextLine ID="line_18"
                    TAGREFS="LT8"
                    BASELINE="370 1665 1422 1665" 
                    HPOS="370.0"
                    VPOS="1622.0"
                    WIDTH="1052.0"
                    HEIGHT="63.0">
            <Shape><Polygon POINTS="370 1665 370 1676 378 1682 380 1682 381 1682 382 1682 472 1674 504 1684 505 1684 506 1684 640 1681 641 1681 642 1681 651 1674 703 1682 704 1682 706 1682 707 1682 719 1674 787 1681 789 1682 917 1682 917 1681 918 1681 933 1674 944 1682 946 1682 947 1682 948 1682 950 1682 983 1674 1010 1681 1012 1681 1013 1681 1140 1674 1154 1684 1156 1684 1157 1684 1158 1685 1206 1685 1206 1684 1207 1684 1208 1684 1222 1676 1257 1682 1259 1682 1260 1682 1261 1682 1272 1674 1389 1682 1390 1682 1392 1682 1422 1673 1422 1665 1422 1639 1358 1638 1338 1622 1336 1622 1335 1622 1334 1622 1247 1638 1170 1638 1150 1622 1149 1622 1148 1622 1092 1622 1091 1622 1090 1622 1054 1636 1032 1622 1030 1622 1029 1622 956 1622 955 1622 954 1622 919 1638 885 1622 884 1622 859 1622 857 1622 856 1622 855 1622 835 1636 731 1622 729 1622 728 1622 727 1622 711 1635 666 1638 612 1631 611 1631 370 1638 370 1665"/></Shape>
	    <String CONTENT="nes esposos se llamaba el Rio Negro. Can¬"
                    HPOS="370.0"
                    VPOS="1622.0"
                    WIDTH="1052.0"
                    HEIGHT="63.0"></String>
          </TextLine>
          <TextLine ID="line_19"
                    TAGREFS="LT8"
                    BASELINE="372 1734 1421 1736" 
                    HPOS="370.0"
                    VPOS="1693.0"
                    WIDTH="1051.0"
                    HEIGHT="61.0">
            <Shape><Polygon POINTS="372 1734 370 1743 386 1752 388 1752 389 1754 471 1754 471 1752 472 1752 473 1752 485 1743 486 1743 508 1743 509 1743 519 1752 521 1752 522 1752 523 1752 592 1751 593 1751 595 1751 604 1743 626 1751 628 1751 629 1751 695 1743 698 1743 699 1743 707 1750 708 1750 710 1750 811 1752 812 1752 814 1752 838 1743 849 1752 851 1752 852 1752 897 1754 898 1754 943 1747 981 1752 983 1752 984 1752 985 1752 996 1744 1032 1751 1033 1751 1075 1744 1406 1751 1408 1751 1409 1751 1410 1751 1420 1743 1421 1736 1420 1709 1392 1707 1373 1694 1372 1694 1371 1694 1342 1694 1340 1694 1339 1694 1338 1694 1326 1704 1277 1694 1276 1694 1274 1694 1273 1694 1251 1707 1251 1709 1249 1707 1241 1701 1240 1701 1239 1701 1237 1701 1129 1704 1115 1694 1113 1694 1112 1694 1111 1694 1109 1694 1088 1705 1075 1694 1074 1694 1072 1694 1045 1694 1043 1694 1042 1694 1041 1694 1024 1707 1021 1709 996 1707 885 1701 884 1701 839 1707 836 1707 835 1707 827 1701 826 1701 824 1701 823 1701 750 1704 732 1693 731 1693 729 1693 700 1693 699 1693 698 1693 696 1693 678 1706 634 1701 633 1701 632 1701 630 1701 624 1707 622 1709 483 1709 480 1707 459 1693 457 1693 456 1693 432 1693 431 1693 430 1693 428 1693 415 1704 372 1706 372 1734"/></Shape>
	    <String CONTENT="sado con su largo paseo al traves de las"
                    HPOS="370.0"
                    VPOS="1693.0"
                    WIDTH="1051.0"
                    HEIGHT="61.0"></String>
          </TextLine>
          <TextLine ID="line_20"
                    TAGREFS="LT8"
                    BASELINE="370 1809 1421 1804" 
                    HPOS="369.0"
                    VPOS="1760.0"
                    WIDTH="1052.0"
                    HEIGHT="64.0">
            <Shape><Polygon POINTS="370 1809 370 1818 881 1822 882 1822 884 1822 896 1816 898 1816 987 1816 992 1816 1047 1824 1049 1824 1295 1822 1297 1822 1298 1822 1306 1816 1334 1822 1335 1822 1336 1822 1338 1822 1339 1822 1348 1816 1387 1822 1388 1822 1389 1822 1421 1813 1421 1804 1418 1775 1371 1775 1354 1760 1352 1760 1351 1760 1314 1760 1313 1760 1311 1760 1310 1760 1290 1775 1132 1775 1105 1762 1104 1762 1058 1762 1057 1762 1055 1762 1054 1762 1037 1776 964 1776 923 1762 922 1762 921 1762 919 1762 890 1777 783 1777 754 1763 753 1763 706 1763 704 1763 703 1763 702 1763 690 1772 649 1763 647 1763 646 1763 645 1763 626 1779 603 1779 582 1764 580 1764 579 1764 527 1764 526 1764 525 1764 523 1764 512 1775 369 1779 370 1809"/></Shape>
	    <String CONTENT="maravillas de Buenos Aires, Enrique y Pri¬"
                    HPOS="369.0"
                    VPOS="1760.0"
                    WIDTH="1052.0"
                    HEIGHT="64.0"></String>
          </TextLine>
          <TextLine ID="line_21"
                    TAGREFS="LT8"
                    BASELINE="370 1878 1421 1874" 
                    HPOS="369.0"
                    VPOS="1835.0"
                    WIDTH="1052.0"
                    HEIGHT="61.0">
            <Shape><Polygon POINTS="370 1878 370 1888 523 1888 564 1896 566 1896 567 1896 593 1887 601 1893 603 1893 604 1893 700 1896 702 1896 773 1886 781 1886 787 1886 839 1892 840 1892 841 1892 856 1886 857 1886 860 1886 897 1892 898 1892 954 1886 955 1886 956 1886 993 1893 995 1893 1079 1884 1088 1884 1091 1884 1099 1891 1100 1891 1101 1891 1103 1891 1104 1891 1119 1886 1239 1893 1240 1893 1342 1884 1355 1893 1356 1893 1358 1893 1359 1893 1420 1883 1421 1874 1418 1847 1363 1835 1361 1835 1360 1835 1335 1847 1203 1847 1144 1835 1142 1835 1090 1846 1032 1837 1030 1837 1029 1837 1004 1847 856 1847 840 1837 839 1837 838 1837 801 1837 799 1837 798 1837 797 1837 783 1847 745 1841 744 1841 649 1847 632 1838 630 1838 596 1838 595 1838 593 1838 592 1838 578 1849 431 1843 430 1843 369 1850 370 1878"/></Shape>
	    <String CONTENT="mavera, despues de un corto refrigerio to¬"
                    HPOS="369.0"
                    VPOS="1835.0"
                    WIDTH="1052.0"
                    HEIGHT="61.0"></String>
          </TextLine>
          <TextLine ID="line_22"
                    TAGREFS="LT8"
                    BASELINE="372 1950 1422 1947" 
                    HPOS="370.0"
                    VPOS="1907.0"
                    WIDTH="1052.0"
                    HEIGHT="60.0">
            <Shape><Polygon POINTS="372 1950 372 1959 384 1967 385 1967 386 1967 388 1967 494 1965 496 1965 497 1965 508 1958 642 1965 644 1965 645 1965 662 1958 761 1965 762 1965 836 1958 885 1965 886 1965 888 1965 889 1965 898 1957 1024 1957 1038 1966 1039 1966 1041 1966 1042 1966 1134 1958 1315 1966 1317 1966 1318 1966 1319 1966 1332 1957 1383 1963 1384 1963 1422 1955 1422 1947 1420 1920 1259 1920 1193 1907 1191 1907 1190 1907 1189 1907 1179 1915 1086 1917 1038 1911 1037 1911 1035 1911 1034 1911 1024 1918 930 1912 929 1912 927 1912 894 1920 877 1908 876 1908 874 1908 840 1908 839 1908 838 1908 806 1920 723 1908 721 1908 720 1908 677 1920 661 1908 659 1908 658 1908 629 1908 628 1908 626 1908 625 1908 609 1921 509 1921 489 1908 488 1908 486 1908 452 1908 451 1908 370 1921 372 1950"/></Shape>
	    <String CONTENT="mado en el salon de sus aposentos, y un"
                    HPOS="370.0"
                    VPOS="1907.0"
                    WIDTH="1052.0"
                    HEIGHT="60.0"></String>
          </TextLine>
        </TextBlock>
        <TextBlock HPOS="805"
                   VPOS="2229"
                   WIDTH="428"
                   HEIGHT="107"
                   ID="eSc_textblock_3242bb3f"
                   TAGREFS="BT9">
          <Shape><Polygon POINTS="805 2336 805 2229 1233 2229 1233 2336"/></Shape>
          <TextLine ID="eSc_line_9bcc2653"
                    TAGREFS="LT8"
                    BASELINE="841 2311 1197 2306" 
                    HPOS="837.0"
                    VPOS="2245.0"
                    WIDTH="358.0"
                    HEIGHT="69.0">
            <Shape><Polygon POINTS="839 2310 839 2314 1195 2310 1195 2304 1193 2263 1139 2245 1137 2245 1135 2245 1133 2245 1070 2263 1034 2247 1032 2247 983 2247 981 2247 979 2247 977 2247 953 2265 949 2267 837 2267 839 2310"/></Shape>
	    <String CONTENT="Digitized by Google"
                    HPOS="837.0"
                    VPOS="2245.0"
                    WIDTH="358.0"
                    HEIGHT="69.0"></String>
          </TextLine>
        </TextBlock>
      </PrintSpace>
    </Page>
  </Layout>
</alto>
