1717 2380
645.0 293.0 325.0 36.0 HISTORIA VEROSIMIL

1242.0 292.0 46.0 43.0 43

283.0 423.0 1050.0 63.0 fué el primero y principal accionista el

287.0 490.0 1047.0 56.0 tatarabuelo de D. Sebastian. Cuanto pueda

281.0 560.0 1052.0 61.0 encantar la vista y dilatar el pecho se halla

283.0 633.0 1046.0 58.0 admirablemente dispuesto sobre el mantel,

283.0 703.0 1049.0 62.0 formando el conjunto un museo de esqui¬

281.0 773.0 1048.0 61.0 sita cinceladura. En tiempos ya remotos,

283.0 844.0 1047.0 63.0 segun dicen los anticuarios y los arqueólo¬

288.0 914.0 1045.0 60.0 gos, colocaban en los salones un Cárlos

287.0 983.0 1045.0 64.0 Quinto en San Juste, un Sila abdicando,

285.0 1057.0 1049.0 61.0 un Galileo que decia e pur si muove! un

285.0 1127.0 1051.0 60.0 Gambetta en el acto de tomar asiento en la

285.0 1199.0 1047.0 58.0 silla Presidencial, y otras formas estupidas,

287.0 1269.0 1045.0 63.0 que deleitaban á los antiguos burgeses.

285.0 1340.0 1048.0 61.0 Las estatuitas de mujer son las únicas que

288.0 1412.0 1048.0 59.0 ahora despiertan la admiracion: el hombre

285.0 1484.0 1051.0 55.0 ó su semejanza, con su lineamiento simia¬

285.0 1549.0 1049.0 60.0 no hecho de plata, de bronce ó de mármol,

287.0 1621.0 1046.0 66.0 aun cuando sea el mismo Apolo de Belve¬

287.0 1697.0 777.0 58.0 dere, no merece que se le mire.

349.0 1766.0 987.0 58.0 Una curiosísima innovacion impresionó

285.0 1832.0 1051.0 66.0 sobre todo á los jóvenes viajeros. Delante

287.0 1904.0 1046.0 62.0 de cada convidado dá vuelta sobre un eje

833.0 2251.0 357.0 77.0 Digitized by Google
