1779 2384
720.0 288.0 329.0 36.0 HISTORIA VEROSIMIL

1300.0 290.0 69.0 39.0 105

425.0 414.0 985.0 57.0 Ristorini, natural de Buenos Aires, ha

364.0 484.0 1046.0 57.0 descubierto las minas de oro de San Juan.

422.0 553.0 990.0 69.0 Jouffroy, de Paris, ha conseguido alma¬

364.0 627.0 1048.0 67.0 cenar el calor solar y aplicarlo á las necesi¬

365.0 697.0 694.0 61.0 dades ordinarias de la vida.

422.0 762.0 990.0 69.0 El Doctor Suel, de Montpellier, ha des¬

364.0 839.0 954.0 61.0 cubierto el remedio para curar la tísis.

426.0 907.0 988.0 58.0 Francisco Simon, de Chalon Sur Saone,

366.0 977.0 1052.0 64.0 aplicó el sistema de los fierros de foco de

368.0 1046.0 1049.0 67.0 platino del Doctor Paquelin, á la marca de

366.0 1123.0 1050.0 59.0 animales, lo que ha aumentado en cien mi¬

366.0 1188.0 1050.0 63.0 llones anuales el valor del ganado Argen¬

369.0 1267.0 125.0 48.0 tino.

426.0 1327.0 992.0 67.0 Schwehr, de Bale, por medio de una há¬

370.0 1399.0 1052.0 65.0 bil canalizacion, ha devuelto al Egipto su

369.0 1472.0 460.0 67.0 antigua fertilidad.

430.0 1540.0 992.0 71.0 J. Spiers, de Dublin, merced al agente

369.0 1614.0 1053.0 61.0 eléctrico, ha hecho desaparecer todos los

370.0 1686.0 1052.0 62.0 escollos de coral á flor de agua que hacian

372.0 1757.0 1049.0 66.0 tan peligrosa la navegacion del mar llama¬

372.0 1826.0 312.0 62.0 do de Coral.

439.0 1896.0 983.0 65.0 Los cinco catálogos del Arco de la Paz

834.0 2256.0 356.0 76.0 Digitized by Google
