1742 2376
673.0 351.0 328.0 34.0 HISTORIA VEROSIMIL

1278.0 349.0 37.0 45.0 19

311.0 475.0 1046.0 67.0 en el foro, al dirigir la palabra á su legí¬

314.0 550.0 1050.0 59.0 tima esposa, le decía, en un momento de

313.0 627.0 526.0 55.0 expansion y ternura:

373.0 689.0 988.0 64.0 "¡Podremos permitirnos el lujo de un

311.0 756.0 180.0 69.0 hijo!"

372.0 830.0 993.0 64.0 Estas palabras bastan por sí solas para

313.0 902.0 1048.0 53.0 iluminar con luz siniestra los tristes miste¬

314.0 976.0 1050.0 56.0 rios de los aposentos conyugales, y darnos

316.0 1041.0 1046.0 63.0 la clave de la crísis de despoblacion que

322.0 1115.0 984.0 62.0 pesaba sobre el antiguo mundo Europeo.

378.0 1180.0 987.0 69.0 ¡Qué época, que costumbres! ô tempora!

316.0 1255.0 217.0 58.0 ô mores!

377.0 1326.0 984.0 60.0 Pero entremos de nuevo en el convoy

320.0 1397.0 1048.0 62.0 Sud-Americano para estudiar y admirar

320.0 1471.0 1045.0 60.0 nuestras costumbres modernas y enorgulle¬

320.0 1540.0 785.0 63.0 cernos del progreso conquistado.

825.0 1690.0 69.0 64.0 II

384.0 1816.0 986.0 63.0 Enrique arrancó una flor de Granado en

328.0 1887.0 1034.0 67.0 el jardin del convoy, se la ofreció respe¬

331.0 1960.0 944.0 62.0 tuosamente á la jóven, y esta aceptóla.

842.0 2249.0 353.0 75.0 Digitized by Google
