1717 2378
622.0 276.0 329.0 33.0 HISTORIA VEROSIMIL

1222.0 272.0 48.0 42.0 53

264.0 404.0 1047.0 58.0 sonages nombrados por las tres clases de

263.0 468.0 1048.0 65.0 Diputados y del cual los Presidentes de

261.0 542.0 1048.0 64.0 cada República son miembros por derecho.

272.0 618.0 1037.0 57.0 –Se hacen representar en él por sus em¬

264.0 684.0 1048.0 65.0 bajadores. A esta cámara suprema es que

264.0 756.0 1047.0 60.0 corresponden todos los asuntos internacio¬

264.0 830.0 1040.0 57.0 nales; sus resoluciones son sin apelacion y

264.0 898.0 1047.0 61.0 su cumplimiento compete á todas las nacio¬

264.0 969.0 439.0 58.0 nes confederadas.

321.0 1038.0 991.0 65.0 Gracias á esta ámplia organizacion polí¬

268.0 1111.0 1048.0 59.0 tica y sobre todo al admirable invento del

261.0 1179.0 1052.0 62.0 inmortal Horacio Varela, se ha suprimido

263.0 1251.0 1052.0 62.0 la guerra, y el mundo goza de todos los be¬

263.0 1322.0 1050.0 61.0 neficios de una paz inalterable. Sabido es

265.0 1396.0 1054.0 62.0 que este gran filántropo inventó, hácia el

263.0 1465.0 1052.0 59.0 año 1917 la extraordinaria máquina con

264.0 1536.0 1053.0 61.0 que destruyó dos flotas de dos mil navios

261.0 1607.0 1046.0 62.0 encorazados, blindados, de espolon, etc., y

265.0 1680.0 1050.0 58.0 tripulados con ochenta mil combatientes,

265.0 1754.0 1054.0 57.0 todo en menos tiempo que el que necesita

264.0 1817.0 1053.0 64.0 un reloj para dar las doce. El sublime

265.0 1890.0 1056.0 55.0 inventor había descubierto que la atmósfera

838.0 2249.0 359.0 75.0 Digitized by Google
