1732 2384
648.0 311.0 331.0 37.0 HISTORIA VEROSIMIL

1244.0 313.0 53.0 44.0 27

287.0 438.0 1048.0 63.0 está dotado de una voz muy débil, pero que

284.0 511.0 1050.0 59.0 se aviene bien con el génio de la música mo¬

287.0 581.0 1048.0 61.0 derna, por su tenuidad maravillosa y su im¬

288.0 652.0 1039.0 64.0 comparable método. Apenas si se le oye, y

290.0 721.0 1045.0 61.0 uno se halla sumergido en el éxtasis; pero

288.0 795.0 1049.0 51.0 cuando el entusiasmo ya no conoce límites

288.0 862.0 1050.0 61.0 es cuando el artista termina la cabaletta con

290.0 932.0 1045.0 61.0 la boca cerrada: esto se llama el mayor

291.0 1002.0 1044.0 65.0 prodigio del arte. Un estudio retrospectivo,

292.0 1072.0 1045.0 67.0 publicado hace pocos dias por nuestra Ga¬

287.0 1144.0 1052.0 62.0 ceta de los Teatros, nos hace saber que, en

288.0 1214.0 1050.0 64.0 otros tiempos, el publico, todavía en estado

290.0 1282.0 1048.0 63.0 de barbarie, no aplaudía sinó los desafora¬

291.0 1354.0 1048.0 63.0 dos gritos de los cantantes que lo ensorde¬

290.0 1423.0 1052.0 63.0 cian! Si estos pobres dilettantis hubiesen

294.0 1491.0 567.0 67.0 podido oir á Carabelli!

352.0 1565.0 986.0 61.0 Durante el concierto, un jóven, de oficio

294.0 1637.0 1049.0 64.0 periodista, no prestó ninguna atencion al

294.0 1711.0 1045.0 59.0 tenor, y tuvo sus ojos constantemente fijos

292.0 1778.0 1046.0 61.0 en Primavera, sin el menor respeto para

292.0 1847.0 1047.0 66.0 con la pluma de paloma que la jóven casa¬

294.0 1916.0 1045.0 65.0 da llevaba en el sombrero. Enrique no

835.0 2254.0 354.0 68.0 Digitized by Google
