1736 2394
367.0 311.0 60.0 50.0 92

622.0 316.0 470.0 35.0 BUENOS AIRES EN EL AÑO 2080

329.0 441.0 1053.0 67.0 obra Rosiniana han sido personificadas por

332.0 512.0 1040.0 62.0 el célebre escultor Dimitry de Atenas, y

332.0 582.0 1050.0 63.0 adornan su frontispicio. Este Teatro, esclu¬

331.0 655.0 1055.0 63.0 sivamente destinado para la musica, puede

333.0 726.0 1051.0 61.0 acomodar seis mil espectadores. Los otros

335.0 798.0 1052.0 59.0 tres teatros se reservan para el baile, para

333.0 873.0 1050.0 60.0 las grandes pantomimas y ejercicios ecues¬

335.0 937.0 1049.0 67.0 tres interpolados con juglerias indianas, ja¬

336.0 1014.0 428.0 59.0 ponesas y chinas.

393.0 1077.0 994.0 64.0 En Buenos Aires, hoy, los teatros en que

332.0 1151.0 1047.0 61.0 se habla no son en todo sino dos, y esos, es¬

336.0 1218.0 1051.0 64.0 tán relegados á los limites del barrio marí¬

336.0 1288.0 1052.0 64.0 timo. En la antigüedad, la Comedia y el

336.0 1363.0 1054.0 62.0 Drama han gozado con justicia de un gran

336.0 1435.0 1051.0 59.0 favor, y esto se comprende. Los vicios, las

336.0 1505.0 1054.0 64.0 ridiculeces, las pequeñas pasiones, toda la

337.0 1576.0 1050.0 59.0 chismografia del viejo mundo tan limitado,

340.0 1649.0 1044.0 61.0 ya no ofrecen, en nuestros dias, ningun in¬

340.0 1717.0 1050.0 59.0 terés. El Universo representa un drama,

340.0 1791.0 1051.0 57.0 nó en cinco actos, pero en cinco partes; mil

341.0 1860.0 1033.0 57.0 eslabones eléctricos cuentan mil escenas, y

345.0 1929.0 1045.0 60.0 forman á cada instante un diálogo eterno

822.0 2266.0 355.0 68.0 Digitized by Google
