1767 2380
699.0 285.0 331.0 34.0 HISTORIA VEROSIMIL

1284.0 281.0 70.0 45.0 101

342.0 411.0 1049.0 65.0 diversiones posibles: Teatros, Circos, Hipó¬

342.0 483.0 1049.0 63.0 dromos, Naumaquías, Conciertos, Bailes,

345.0 557.0 1047.0 56.0 Fuegos artificiales, Ascensiones aerostáticas,

346.0 622.0 1048.0 62.0 Carreras, Casas de fieras, Bibliotecas, Rega¬

347.0 698.0 1052.0 62.0 tas, Justas sobre el agua, Juglares de la

346.0 761.0 1048.0 73.0 India, Bayaderas, Palos enjabonados, Mag¬

345.0 839.0 1050.0 56.0 netizadores, Gabinetes de física recreativa,

346.0 908.0 1050.0 62.0 Montañas rusas, Cafés cantantes, Figuras

346.0 978.0 1051.0 63.0 de cera, Gigantes de Alemania y Enanos de

347.0 1049.0 1050.0 64.0 Lapona, en fin, todos los fenómenos zooló¬

350.0 1123.0 1050.0 60.0 gicos del unverso, de la naturaleza. El

347.0 1188.0 1050.0 58.0 Banco Universal del Crédito territorial Ar¬

350.0 1264.0 1047.0 62.0 gentino hace frente á los gastos de tantas

346.0 1335.0 1051.0 65.0 diversiones tan gratas para el pueblo, sobre

350.0 1408.0 893.0 62.0 todo cuando no paga nada por ellas.

408.0 1471.0 988.0 65.0 El Banco del Crédito territorial Argen¬

349.0 1550.0 1051.0 59.0 tino no consagra á este gasto sino una mí¬

349.0 1621.0 1054.0 56.0 nima parte de sus inmensas rentas. El

349.0 1687.0 1051.0 62.0 orígen de la fortuna colosal de este estable¬

349.0 1762.0 1052.0 57.0 cimiento, de sus entradas escandalosas–si

351.0 1833.0 1050.0 60.0 estas no se empleasen en parte para cubrir

357.0 1897.0 1042.0 67.0 gastos de utilidad pública–se debe al au¬

829.0 2253.0 364.0 73.0 Digitized by Google
