1740 2390
426.0 330.0 54.0 48.0 40

674.0 334.0 468.0 35.0 BUENOS AIRES EN EL AÑO 2080

385.0 464.0 1044.0 55.0 te, con una carta de recomendacion y se

385.0 529.0 1048.0 65.0 presentaban al número de la direccion. Un

383.0 602.0 1048.0 56.0 millonario, friamente cortés, abría la carta,

382.0 673.0 1047.0 58.0 dirigía una sonrisa séria á los recomenda¬

385.0 743.0 1049.0 62.0 dos y despues de decir, muy bien! muy bien!

382.0 811.0 1048.0 61.0 con tono benévolo, se dignaba á veces ha¬

382.0 882.0 1049.0 66.0 cerles algunas preguntas más ó ménos dis¬

383.0 953.0 1048.0 61.0 cretas. Los esposos saludaban, se despe¬

386.0 1025.0 1049.0 58.0 dian y volvian al encierro de su cuarto

387.0 1094.0 1048.0 63.0 numerado y oscuro de su desamueblado

390.0 1164.0 149.0 57.0 hotel.

450.0 1232.0 985.0 59.0 A los ocho dias, recibian del millonario

390.0 1310.0 1049.0 60.0 una invitacion para que fueran á comer á

390.0 1382.0 1048.0 61.0 las seis en punto. La jóven encargaba un

393.0 1452.0 1046.0 60.0 vestido, un sombrero, un abrigo, todo al

391.0 1521.0 1047.0 61.0 gusto del dia. El marido se hacía vestir

390.0 1594.0 1044.0 60.0 como un figurin, alquilaban un carruage,

395.0 1663.0 1040.0 64.0 y se dirigian al convite, despues de haber

393.0 1736.0 1042.0 60.0 gastado seis ú ocho mil pesos en aviarse,

391.0 1805.0 1048.0 64.0 para hacer honor al corresponsal de un

390.0 1886.0 179.0 57.0 amigo.

454.0 1946.0 985.0 64.0 Se sentaban á la mesa á las siete, porque

835.0 2260.0 368.0 70.0 Digitized by Google
