1755 2383
691.0 291.0 330.0 37.0 HISTORIA VEROSIMIL

1288.0 289.0 47.0 41.0 79

331.0 419.0 1042.0 62.0 riposa, sólido como el bronce, sencillo co¬

332.0 488.0 1045.0 62.0 mo el acero bruñido. El tiro figuraba un

332.0 558.0 1045.0 66.0 hipógrifo con alas azuladas. El resorte que

332.0 632.0 1042.0 64.0 impulsaba el carruage en cualquiera di¬

332.0 702.0 1044.0 60.0 reccion era de los mas ingeniosos. Esta fe¬

332.0 774.0 1046.0 61.0 liz invencion que nos dá la más completa

335.0 845.0 1039.0 61.0 seguridad en vez de los peligros de antes,

335.0 912.0 1043.0 57.0 está en moda desde hace veinte años. En

335.0 982.0 1047.0 63.0 tiempos de barbarie, se llenaba la ciudad

333.0 1053.0 1047.0 64.0 con una multitud infinita de caballos que

335.0 1126.0 1034.0 65.0 continuamente ponian en peligro la vida y

336.0 1194.0 1044.0 61.0 los miembros de sus dueños y de los tran¬

335.0 1266.0 1045.0 67.0 seuntes. La gente rica, para delar satis¬

337.0 1334.0 1045.0 60.0 fecha una vanidad pueril, lanzaba en las

337.0 1408.0 1045.0 64.0 calles angostas sus corceles fogosos ó asus¬

341.0 1476.0 1044.0 68.0 tadizos, y proporcionaba á los reporters de

341.0 1546.0 1043.0 69.0 los periódicos un lindo contingente de ca¬

341.0 1617.0 1044.0 61.0 tástrofes diarias. En esos tiempos, los tram¬

347.0 1691.0 1037.0 68.0 ways, las carretas, carretillas y ginetes cru¬

343.0 1762.0 1043.0 63.0 zábanse locamente por toda la ciudad,

345.0 1830.0 1041.0 71.0 pisoteando, aplastando, chocando, asustan¬

345.0 1901.0 1041.0 68.0 do, y sobre todo, poniendo en exhibicion los

832.0 2253.0 352.0 72.0 Digitized by Google
