1737 2383
664.0 289.0 328.0 35.0 HISTORIA VEROSIMIL

1264.0 288.0 48.0 41.0 37

307.0 413.0 1048.0 66.0 el Consejo Municipal, y allí estan las ofici¬

308.0 481.0 1046.0 67.0 nas de la Hospitalidad. Se ha dado este

305.0 558.0 1053.0 60.0 nombre á una Administracion encargada

308.0 630.0 1046.0 62.0 de velar por los estrangeros que recien lle¬

312.0 701.0 1046.0 64.0 gan, y de proporcionarles cuanto puedan

308.0 771.0 1050.0 61.0 necesitar mientras hallen el trabajo para

309.0 843.0 1049.0 65.0 que son aptos. Allí hay registros en que

311.0 914.0 1043.0 63.0 pueden inscribirse los que buscan un em¬

312.0 986.0 1043.0 62.0 pleo, una ocupacion para sí ó para sus ca¬

311.0 1053.0 1042.0 65.0 pitales; y como el comercio y los financis¬

309.0 1125.0 1049.0 59.0 tas tienen la costumbre de ir todos los dias

308.0 1199.0 1047.0 60.0 á consultar esos registros, estraño sería que,

309.0 1266.0 1042.0 61.0 tanto los que se ofrecen como los solicitan¬

312.0 1341.0 1043.0 59.0 tes, pasaran algunas horas sin encontrar lo

311.0 1413.0 346.0 59.0 que buscaran.

370.0 1476.0 987.0 67.0 Las Iglesias Católicas son treinta y cin¬

309.0 1550.0 1053.0 61.0 co; entre todas sobresale la Catedral, de

308.0 1623.0 1050.0 60.0 cuya descripcion detallada nos ocuparemos

311.0 1693.0 1050.0 58.0 mas adelante; se la considera, con razon,

311.0 1762.0 1051.0 57.0 como una de las maravillas modernas. Los

315.0 1834.0 1043.0 61.0 protestantes tienen tambien varios templos,

315.0 1899.0 1046.0 66.0 los Judios dos Sinagogas, y los Chinos tres

832.0 2253.0 360.0 80.0 Digitized by Google
