1743 2394
427.0 291.0 50.0 40.0 16

677.0 288.0 465.0 37.0 BUENOS AIRES EN EL AÑO 2080

384.0 414.0 1046.0 60.0 bre todo, un excelente uso de su autoridad

380.0 490.0 1048.0 61.0 soberana al poner á la mujer bajo la pro¬

380.0 559.0 1048.0 64.0 teccion de todos, y principalmente al tomar

380.0 633.0 1047.0 63.0 las medidas más ingeniosas para populari¬

379.0 703.0 987.0 60.0 zar el matrimonio y suprimir el celibato.

439.0 770.0 988.0 65.0 Estos sábios legisladores comprendieron

376.0 844.0 1050.0 63.0 muy bien que, en el estado actual de la ci¬

377.0 915.0 1046.0 61.0 vilizacion, el celibato era una azote más

375.0 986.0 1048.0 64.0 terrible que la antigua peste de que nos

372.0 1053.0 1053.0 64.0 habla la historia. Impedir el nacer es un

372.0 1127.0 1049.0 60.0 homicidio en masa cometido por la socie¬

372.0 1194.0 1051.0 68.0 dad. En 1879, por ejemplo, cuando la

372.0 1268.0 1043.0 60.0 América del Sur se hallaba casi desierta, y

371.0 1343.0 1051.0 62.0 no hacía esfuerzo alguno para poblarse, el

372.0 1413.0 1047.0 61.0 celibato podia ser una profesion admitida,

372.0 1482.0 1046.0 64.0 una especie de bajalicato cristiano; pero

369.0 1554.0 1050.0 63.0 hoy... ya es otra cosa. Hemos tenido que

371.0 1621.0 1048.0 65.0 poblar, hacer salubre y fértil el terreno de

368.0 1694.0 1049.0 65.0 nuestras provincias, desde Jujuy hasta Ma¬

371.0 1768.0 1047.0 62.0 gallanes; este inmenso trabajo no podia

368.0 1835.0 1049.0 62.0 confiarsele á solteros. No se les ha dejado

369.0 1911.0 1045.0 61.0 ninguna escusa á esos zanganos de las an¬

838.0 2266.0 353.0 70.0 Digitized by Google
