1745 2392
411.0 304.0 58.0 42.0 76

665.0 300.0 467.0 37.0 BUENOS AIRES EN EL AÑO 2080

372.0 430.0 1050.0 63.0 nio, Enrique trató de consolarle y prometió

373.0 503.0 1047.0 61.0 que, si la respuesta que se esperaba no hu¬

374.0 571.0 1049.0 62.0 biese llegado por el siguiente dia, iría él

373.0 644.0 1051.0 57.0 mismo á Borbon, antes de marcharse para

373.0 710.0 1047.0 56.0 su destino. Cándido, alborozado, estrechó

374.0 781.0 746.0 66.0 la mano de Enrique y le dijo:

462.0 850.0 957.0 62.0 –¡Me vuelve V. á la vida! Dios es el

377.0 920.0 1041.0 63.0 que le ha traido bajo nuestro techo. Viole¬

376.0 990.0 946.0 63.0 ta y yo le deberemos nuestra felicidad.

435.0 1065.0 987.0 61.0 Despues de la representacion, Sebastian

376.0 1133.0 541.0 64.0 dijo á sus huespedes:

453.0 1205.0 969.0 61.0 –Mañana daré á Vds. otra sorpresa ma¬

378.0 1275.0 1045.0 64.0 yor: les haré ver todo Buenos Aires. En¬

377.0 1352.0 1047.0 60.0 tre tanto, hagan provision de descanso, pues

374.0 1416.0 1049.0 68.0 el dia será de dura labor. En sus aposen¬

378.0 1491.0 897.0 53.0 tos hallarán las noticias de la noche.

434.0 1560.0 989.0 61.0 Al retirarse, Enrique encontró, en efecto,

374.0 1630.0 1050.0 61.0 sobre un gran velador de ébano, la colec¬

376.0 1700.0 1052.0 60.0 cion de los periódicos de Buenos Aires que

376.0 1771.0 1048.0 60.0 salian por la noche: eran tomos elegantes,

382.0 1839.0 1026.0 63.0 bien encuadernados bajo tapas flexibles, y

381.0 1910.0 1045.0 56.0 del formato de un in 8° ordinario. En su

841.0 2260.0 351.0 80.0 Digitized by Google
