1744 2391
396.0 322.0 51.0 45.0 94

647.0 328.0 465.0 34.0 BUENOS AIRES EN EL AÑO 2080

838.0 527.0 89.0 64.0 IX

412.0 657.0 990.0 66.0 En esta plaza se hallan tambien la Ad¬

352.0 731.0 1049.0 62.0 ministracion de Correos y la de Telégrafos.

354.0 803.0 1048.0 56.0 La Administracion de Correos nada tiene

354.0 874.0 1051.0 63.0 que envidiar, bajo el punto de vista de las

352.0 941.0 1053.0 60.0 comodidades de toda clase, á los más afama¬

353.0 1014.0 1052.0 61.0 dos establecimientos de ese género de las

353.0 1081.0 1052.0 65.0 demás Capitales del Universo. En un in¬

354.0 1156.0 1053.0 55.0 menso vestíbulo y sobremesas de mármol,

354.0 1223.0 1053.0 64.0 se halla á la disposicion de todos, todo lo

356.0 1299.0 1053.0 62.0 necesario para la correspondencia; el pú¬

357.0 1365.0 1054.0 61.0 blico circula con facilidad y encuentra el

361.0 1438.0 1048.0 59.0 buzon de servicio del Correo para las car¬

362.0 1506.0 1047.0 64.0 tas y los impresos. El Correo de las Men¬

361.0 1579.0 1052.0 62.0 sagerías tiene su entrada particular por una

361.0 1643.0 1052.0 63.0 calle cercana de la Plaza. Este último Co¬

362.0 1718.0 1051.0 61.0 rreo que ha suprimido las lentitudes de los

364.0 1793.0 1049.0 58.0 antiguos modos de comuncarse para los

365.0 1859.0 1046.0 65.0 bultos de premura, emplea, para Buenos

368.0 1932.0 1043.0 63.0 Aires sola, ochocientos carruages de posta¬

825.0 2261.0 366.0 68.0 Digitized by Google
