1734 2392
428.0 289.0 57.0 49.0 44

680.0 295.0 470.0 34.0 BUENOS AIRES EN EL AÑO 2080

384.0 421.0 1053.0 58.0 un ánfora de cristal, adornada con nueve

382.0 493.0 1058.0 61.0 figuras alegóricas de mujer, con sus atribu¬

386.0 566.0 1055.0 61.0 tos, y cuyos piés se apoyan ligeramente

384.0 631.0 1058.0 61.0 sobre urnas de cristal de Bohemia. Cada

384.0 701.0 1052.0 61.0 urna tiene su rótulo: Burdeos, Borgo¬

385.0 772.0 1052.0 62.0 ña, Madera, Córdoba, Chipre, Constancia,

384.0 839.0 1057.0 68.0 Champaña, Bahía Blanca, Ermitage. Cada

385.0 918.0 1055.0 60.0 convidado elige el vino mas grato á su

385.0 986.0 1056.0 62.0 paladar, pues todos están al alcance de la

381.0 1057.0 1051.0 61.0 mano. En épocas de barbarie, un sirvien¬

385.0 1126.0 1056.0 63.0 te, vigilado por el dueño de casa, escanciaba

384.0 1202.0 1056.0 59.0 con mano temblorosa, y á gotas, como si

384.0 1269.0 1053.0 61.0 fueran rubíes, un burdeos equívoco, en co¬

388.0 1342.0 1052.0 61.0 pas como para enanos. ¡Y á esto se lla¬

385.0 1412.0 1055.0 52.0 maba saber administrar una casa! Los

386.0 1483.0 1056.0 51.0 administrados moríanse de sed ó bebian

390.0 1561.0 141.0 57.0 agua.

445.0 1621.0 997.0 64.0 El adorno del centro, que representaba

389.0 1693.0 1044.0 63.0 las magas del Africa subyugando leones y

390.0 1764.0 1052.0 63.0 tigres, se hallaba coronado por la antigua

389.0 1832.0 1051.0 65.0 Muta, diosa del silencio; dirije sus miradas

390.0 1904.0 1052.0 62.0 hácia los convidados, sonriéndose cual si

830.0 2262.0 365.0 76.0 Digitized by Google
