1722 2410
425.0 298.0 51.0 43.0 72

677.0 298.0 465.0 39.0 BUENOS AIRES EN EL AÑO 2080

582.0 447.0 663.0 41.0 .................................

566.0 498.0 380.0 54.0 Douce chimère

567.0 571.0 437.0 64.0 En vain jespère.

574.0 657.0 660.0 31.0 .................................

566.0 700.0 647.0 61.0 Quel est donc ce mystère?

565.0 769.0 425.0 55.0 O moment fatal!

565.0 840.0 516.0 65.0 Je souffre et j'espère

565.0 910.0 448.0 62.0 Mystère infernal!

443.0 990.0 985.0 65.0 Ahora bien! una noche, el público, abur¬

384.0 1064.0 1046.0 55.0 rido, al fin, de esta mistificacion secular, se

385.0 1136.0 1043.0 62.0 sublevó en masa, rasgó el libreto, rompió

385.0 1207.0 1047.0 54.0 los asientos, pidió la cabeza del surcidor de

388.0 1279.0 1043.0 62.0 palabras, y amenazó prenderle fuego á la

386.0 1350.0 1042.0 62.0 Opera, si volvian á romperle el tímpano,

388.0 1424.0 1043.0 58.0 so pretesto de buena música, con esa poe¬

386.0 1492.0 1048.0 57.0 sía inmutablemente estúpida y añeja de

392.0 1562.0 1032.0 62.0 varios siglos. El Director se presentó, y

386.0 1633.0 1042.0 62.0 reconociendo que el público tenía razon y

388.0 1703.0 1047.0 64.0 mucha paciencia, prometió que en adelante

386.0 1772.0 1048.0 64.0 las óperas no tendrian letra. Esta prome¬

386.0 1842.0 1045.0 65.0 sa fué aplaudida con entusiastas aplausos.

390.0 1913.0 1042.0 71.0 No hay por qué agregar que todos los

833.0 2279.0 358.0 70.0 Digitized by Google
