1726 2397
462.0 316.0 58.0 52.0 52

721.0 324.0 468.0 34.0 BUENOS AIRES EN EL AÑO 2080

428.0 447.0 1044.0 68.0 Bélgica, Holanda, Suecia, Italia, España,

427.0 522.0 1048.0 65.0 Portugal y Grecia;–Inglaterra, que tres

431.0 595.0 1047.0 57.0 tunels submarinos han convertido en

427.0 663.0 1048.0 64.0 potencia continental, formará probable¬

426.0 735.0 1050.0 60.0 mente en breve la novena potencia de los

426.0 800.0 1050.0 68.0 Estados del Sur.–Los seis estados del norte

424 874 1051 63 son: Suecia, Noruega, Dinamarca, Rusia,

428.0 950.0 512.0 58.0 Alemania y Austria.

486.0 1017.0 992.0 61.0 Paris se ha convertido en Capital de

426.0 1085.0 1048.0 62.0 Europa, Roma en la de los Estados del Sur,

435.0 1154.0 1043.0 68.0 y Berlin en la de los Estados Unidos del

426.0 1226.0 1052.0 61.0 Norte. Cada Estado nombra su Presidente

430.0 1299.0 1046.0 69.0 y tres clases de diputados: diputados parti¬

423.0 1370.0 1053.0 69.0 culares, diputados de Estado, y diputados

428.0 1450.0 252.0 57.0 generales.

484.0 1514.0 992.0 64.0 Los diputados particulares tienen sus

422.0 1587.0 1054.0 62.0 sesiones en las antiguas capitales, los dipu¬

427.0 1647.0 1037.0 72.0 tados de Estado se reunen en Roma ó Ber¬

423.0 1727.0 1055.0 65.0 lin, y por último, los diputados generales

424.0 1797.0 1050.0 63.0 celebran su Congreso en Paris. No hay

424.0 1872.0 1054.0 61.0 sinó un solo y único Senado, especie de

430.0 1942.0 1044.0 64.0 gobierno central compuesto de ochenta per¬

833.0 2269.0 357.0 68.0 Digitized by Google
