1790 2399
406.0 278.0 80.0 44.0 106

658.0 281.0 464.0 36.0 BUENOS AIRES EN EL AÑO 2080

363.0 406.0 1052.0 55.0 están á mitad llenos con estos títulos de

363.0 477.0 1055.0 62.0 nobleza; pero á la otra estremidad de la

365.0 551.0 1051.0 56.0 avenida, se va á construir en breve otro

363.0 621.0 1053.0 64.0 arco triunfal, erigido para perpetuar la me¬

366.0 691.0 1052.0 55.0 moria de los verdaderos bienhechores de la

367.0 762.0 300.0 56.0 humanidad.

425.0 831.0 994.0 64.0 Nuestros jóvenes esposos quisieron llevar

363.0 903.0 1049.0 61.0 consigo un recuerdo del Arco de la Paz y

365.0 974.0 1057.0 60.0 sacaron de él un cliché instantáneo por me¬

367.0 1043.0 1056.0 61.0 dio de su cámara oscura de bolsillo, tan

370.0 1116.0 632.0 59.0 cómoda para los turistas.

438 1177 980 74 ¿Qué diremos ahora de los Hospicios,

370.0 1252.0 1052.0 66.0 Hospitales, Escuelas, Museos y Bibliotecas,

370.0 1327.0 1053.0 60.0 de las inmensas colecciones cosmopológi¬

369.0 1398.0 1054.0 66.0 cas, zoológicas, ornitológicas elicpológicas,

370.0 1463.0 1048.0 68.0 de los jardines de plantas y de aclimatacion

371.0 1540.0 1053.0 63.0 esparcidos por toda la ciudad y que nues¬

374.0 1615.0 1054.0 58.0 tros viajeros apenas si tuvieron tiempo de

375.0 1680.0 1056.0 64.0 pasar por ellos á la carrera? Se hubieran

377.0 1753.0 1053.0 63.0 precisado quince dias tan solo para exami¬

378.0 1820.0 1053.0 64.0 nar en detalle el Museo de Fotografía, que

383.0 1895.0 1048.0 53.0 viene á ser como el resúmen de todos los

838.0 2269.0 350.0 74.0 Digitized by Google
