1724 2383
639.0 354.0 327.0 39.0 HISTORIA VEROSIMIL

1238.0 356.0 49.0 41.0 31

769.0 558.0 91.0 66.0 III

342.0 695.0 986.0 62.0 En ese momento se llegaba á la esta¬

282.0 767.0 1047.0 52.0 cion maritima de Buenos Aires. Es un in¬

282.0 836.0 1046.0 61.0 menso perístilo de marmol de los Andes,

282.0 909.0 1048.0 58.0 con cuatro columnatas pertenecientes al

282.0 977.0 1050.0 60.0 Orden de las Gracias— nombre que se ha

283.0 1047.0 1046.0 61.0 dado al nuevo orden de arquitectura inven¬

286.0 1116.0 1044.0 64.0 tado en el siglo XX°–y coronado por un

282.0 1190.0 1046.0 59.0 soberbio ático, adornado con esta inscrip¬

283.0 1257.0 1047.0 65.0 cion: Hospitalidad. Hacía algunos momen¬

286.0 1329.0 1048.0 62.0 tos que el tren iba costeando la rada hecha

286.0 1403.0 1046.0 65.0 navegable hasta para los buques mas gran¬

287.0 1472.0 1046.0 61.0 des y en donde se veian ancladas innume¬

286.0 1538.0 775.0 61.0 rables naves de hélice eléctrica.

345.0 1607.0 991.0 67.0 El jóven periodista fué condenado al

287.0 1683.0 1047.0 56.0 matrimonio y nombrado miembro forzoso

287.0 1748.0 743.0 59.0 del Instituto de Buenos Aires.

356.0 1820.0 981.0 63.0 –Jóven, le dijo el Presidente, volverá

296.0 1889.0 1042.0 65.0 Vd. á ser libre cuando haya, por medio del

292.0 1962.0 1044.0 66.0 trabajo, hecho un descubrimiento útil para

832.0 2253.0 361.0 74.0 Digitized by Google
