1722 2392
384.0 289.0 60.0 49.0 80

635.0 287.0 468.0 41.0 BUENOS AIRES EN EL AÑO 2080

345.0 418.0 1048.0 64.0 esqueletos de pobres rocinantes automáti¬

345.0 491.0 1047.0 63.0 cos, martirizados por cocheros torpes ó crue¬

345.0 562.0 1043.0 57.0 les. Buenos Aires era entónces un campo

347.0 628.0 1042.0 64.0 de batalla en que los vehículos y los ca¬

349.0 698.0 1043.0 58.0 ballos hacian el oficio de balas de cañon;

347.0 773.0 1045.0 60.0 sin tener en cuenta que si se libraba uno,

349.0 843.0 1044.0 64.0 por milagro, de estos proyectiles, arries¬

352.0 915.0 1044.0 61.0 gaba veinte veces romperse el pescuezo ó

349.0 984.0 1047.0 60.0 las piernas sobre un empedrado de tal mo¬

348.0 1053.0 1048.0 63.0 do dispuesto para dar una idea bastante

349.0 1121.0 1047.0 67.0 aproximada de las olas del golfo de Gas¬

349.0 1199.0 146.0 50.0 cuña.

413.0 1262.0 987.0 69.0 iOh! el antiguo empedrado de Buenos

352.0 1334.0 1046.0 58.0 Aires!! si hemos de dar crédito á las des¬

352.0 1408.0 1045.0 63.0 cripciones que nos han dejado las leyendas,

353.0 1475.0 1045.0 65.0 las crónicas y los dibujos satíricos del Si¬

359.0 1542.0 285.0 71.0 glo XIX!!

414.0 1615.0 991.0 63.0 Hoy, la calzada se halla cubierta de un

356.0 1690.0 1050.0 58.0 cemento duro y bruñido como el acero, en

356.0 1759.0 1050.0 62.0 el que han incrustado pedacitos de mármol

359.0 1827.0 1043.0 64.0 pulimentado, de todos los colores. Los ar¬

361.0 1900.0 1040.0 64.0 tistas empedradores se han entregado á ver¬

826.0 2264.0 357.0 74.0 Digitized by Google
