1732 2394
457.0 313.0 56.0 44.0 50

714.0 312.0 461.0 35.0 BUENOS AIRES EN EL AÑO 2080

421.0 438.0 1048.0 63.0 duplicarse el número de los fieles. Entre

420.0 509.0 1047.0 64.0 tanto, distaba mucho de que todos los pai¬

419.0 579.0 1050.0 66.0 ses de la antigua Europa hubiesen podido

424.0 653.0 1047.0 63.0 gozar, despues del tratado de Viena, de

421.0 726.0 1046.0 62.0 una existencia igualmente feliz y próspera.

421.0 791.0 1050.0 66.0 La República Francesa é Inglaterra eran

423.0 865.0 1048.0 64.0 las únicas que no habian sufrido ninguna

420.0 938.0 1047.0 62.0 revolucion interna; esta, porque su gobier¬

420.0 1006.0 1048.0 64.0 no fiel interprete de la opinion pública,

420.0 1079.0 1048.0 59.0 había marchado siempre de acuerdo con

420.0 1147.0 1049.0 64.0 ella; aquella porque desde 1879 estaba en

423.0 1223.0 1044.0 59.0 posesion de su forma natural de gobierno,

419.0 1291.0 1050.0 61.0 forma tan flexible y que se amolda tan bien

420.0 1361.0 1048.0 66.0 á la índole del país y al progreso de las

417.0 1433.0 1048.0 63.0 ciencias económicas y sociales. Si Ingla¬

419.0 1504.0 1050.0 64.0 terra, segun el telégrama recibido hoy, ha

419.0 1577.0 1049.0 60.0 renunciado á su forma de gobierno tradi¬

416.0 1643.0 1049.0 64.0 cional, es por haberse estinguido la dinastía,

440.0 1717.0 1025.0 62.0 y que, el sufragio universal, consultado, ha

417.0 1786.0 1052.0 65.0 querido probablemente, al decidirse por la

417.0 1858.0 1048.0 66.0 República, entrar á formar parte de los

416.0 1928.0 646.0 67.0 Estados Unidos Europeos.

836.0 2266.0 355.0 68.0 Digitized by Google
