1767 2393
460.0 295.0 61.0 50.0 66

715.0 301.0 465.0 35.0 BUENOS AIRES EN EL AÑO 2080

503.0 421.0 964.0 68.0 –Soy el Prefecto del Rio Santa Cruz,

421.0 497.0 613.0 62.0 en la Patagonia Austral.

487.0 566.0 980.0 68.0 –Mediocre departamento,–dijo el mi¬

420.0 644.0 169.0 49.0 nistro.

493.0 707.0 978.0 65.0 –Así es. Hay en él más de un millon

420.0 781.0 1047.0 55.0 de toneladas de eflorescencias salinas, amon¬

421.0 852.0 1046.0 62.0 tonadas por las aguas fluviales en las cavi¬

422.0 921.0 1049.0 56.0 dades del suelo. He encontrado el modo de

422.0 993.0 668.0 59.0 utilizarlo para la industria.

495.0 1063.0 972.0 64.0 –Quiere decir que Vd. podría, al mis¬

421.0 1140.0 1050.0 59.0 mo tiempo, sacar partido de esas riquezas

420.0 1207.0 1045.0 62.0 naturales, y devolver al terreno, que hoy

421.0 1278.0 1049.0 60.0 las contiene, su natural primitiva fertili¬

424.0 1344.0 137.0 57.0 dad?

517.0 1419.0 954.0 64.0 –Sí, señor ministro; pero yo pido para

422.0 1492.0 1049.0 63.0 la Compañía que represento y que va á

420.0 1566.0 1050.0 57.0 emprender esos trabajos, una concesion por

425.0 1632.0 1041.0 60.0 veinte años, y el derecho esclusivo de es¬

425.0 1704.0 242.0 61.0 plotacion.

505.0 1772.0 961.0 63.0 –¿Nada más que en aquel departa¬

421.0 1843.0 191.0 54.0 mento?

505.0 1913.0 276.0 61.0 –Sí, señor.

827.0 2265.0 365.0 66.0 Digitized by Google
