1732 2388
402.0 299.0 62.0 51.0 22

658.0 305.0 463.0 34.0 BUENOS AIRES EN EL AÑO 2080

374.0 432.0 1027.0 61.0 vel, tienen un jardin, una sala de baño y

372.0 502.0 1040.0 63.0 una fuente. Los diez colegios, ó, por me¬

378.0 573.0 1036.0 61.0 jor decir, las diez manzanas, reciben la som¬

374.0 644.0 1034.0 61.0 bra de altos sicomoros, regados por jue¬

375.0 715.0 1041.0 62.0 gos de agua y amueblados con bancos de

371.0 781.0 1046.0 66.0 césped. Estan pobladas de estatuas de

372.0 854.0 1044.0 64.0 mármol y de bronce, cópias de las obras

374.0 926.0 1039.0 63.0 maestras que los artistas de todos los pai¬

374.0 995.0 1044.0 65.0 ses y de todas las épocas han legado á la

376.0 1065.0 1038.0 65.0 posteridad. En medio de estos jardines

372.0 1138.0 1044.0 63.0 encantadores, los profesores dictan sus cá¬

375.0 1209.0 1043.0 61.0 tedras. Los niños, aquí, empiezan sus es¬

378.0 1281.0 1043.0 58.0 tudios á los ocho años, y su instruccion

375.0 1350.0 1043.0 60.0 completa dura siete. A todos se les enseña,

375.0 1418.0 1042.0 62.0 además de las letras y de las ciencias, Leyes,

376.0 1488.0 1045.0 62.0 Medicina, Filosofía, Comercio, Agricultura

386.0 1560.0 1031.0 62.0 y Bellas Artes. Pero no es en Linda que

376.0 1633.0 1041.0 54.0 los lóvenes terminan sus estudios prácticos.

378.0 1702.0 1038.0 62.0 Tienen en seguida que concurrir á las cá¬

378.0 1771.0 1042.0 66.0 tedras de aplicacion de las Facultades de

376.0 1838.0 1042.0 65.0 Bahía Blanca, de Buenos Aires, de Co¬

375.0 1909.0 1043.0 63.0 rrientes, de San Luis, de Córdoba, de Tucu¬

832.0 2260.0 354.0 68.0 Digitized by Google
