<?xml version="1.0" encoding="UTF-8"?>
<alto xmlns:xsi="http://www.w3.org/2001/XMLSchema-instance"
      xmlns="http://www.loc.gov/standards/alto/ns-v4#"
      xsi:schemaLocation="http://www.loc.gov/standards/alto/ns-v4# http://www.loc.gov/standards/alto/v4/alto-4-2.xsd">
  <Description>
    <MeasurementUnit>pixel</MeasurementUnit>
    <sourceImageInformation>
      <fileName>29432356.png</fileName>
    </sourceImageInformation>
  </Description>
  <Tags>
    <OtherTag ID="BT7" LABEL="CustomZone" DESCRIPTION="block type CustomZone"/><OtherTag ID="BT8" LABEL="DamageZone" DESCRIPTION="block type DamageZone"/><OtherTag ID="BT9" LABEL="DigitizationArtefactZone" DESCRIPTION="block type DigitizationArtefactZone"/><OtherTag ID="BT10" LABEL="DropCapitalZone" DESCRIPTION="block type DropCapitalZone"/><OtherTag ID="BT11" LABEL="GraphicZone" DESCRIPTION="block type GraphicZone"/><OtherTag ID="BT12" LABEL="MainZone" DESCRIPTION="block type MainZone"/><OtherTag ID="BT13" LABEL="MarginTextZone" DESCRIPTION="block type MarginTextZone"/><OtherTag ID="BT14" LABEL="MusicZone" DESCRIPTION="block type MusicZone"/><OtherTag ID="BT15" LABEL="NumberingZone" DESCRIPTION="block type NumberingZone"/><OtherTag ID="BT17" LABEL="QuireMarksZone" DESCRIPTION="block type QuireMarksZone"/><OtherTag ID="BT18" LABEL="RunningTitleZone" DESCRIPTION="block type RunningTitleZone"/><OtherTag ID="BT19" LABEL="SealZone" DESCRIPTION="block type SealZone"/><OtherTag ID="BT20" LABEL="StampZone" DESCRIPTION="block type StampZone"/><OtherTag ID="BT21" LABEL="TableZone" DESCRIPTION="block type TableZone"/><OtherTag ID="BT22" LABEL="TitlePageZone" DESCRIPTION="block type TitlePageZone"/><OtherTag ID="BT27" LABEL="DigitizationArtifactZone" DESCRIPTION="block type DigitizationArtifactZone"/><OtherTag ID="BT28" LABEL="CustomZone:Numbering" DESCRIPTION="block type CustomZone:Numbering"/><OtherTag ID="BT29" LABEL="NumberingZone:page" DESCRIPTION="block type NumberingZone:page"/><OtherTag ID="BT30" LABEL="NumberingZone:folio" DESCRIPTION="block type NumberingZone:folio"/>
    <OtherTag ID="LT7" LABEL="CustomLine" DESCRIPTION="line type CustomLine"/><OtherTag ID="LT8" LABEL="DefaultLine" DESCRIPTION="line type DefaultLine"/><OtherTag ID="LT9" LABEL="DropCapitalLine" DESCRIPTION="line type DropCapitalLine"/><OtherTag ID="LT10" LABEL="HeadingLine" DESCRIPTION="line type HeadingLine"/><OtherTag ID="LT11" LABEL="InterlinearLine" DESCRIPTION="line type InterlinearLine"/><OtherTag ID="LT12" LABEL="MusicLine" DESCRIPTION="line type MusicLine"/>
  </Tags>
  <Layout>
    <Page WIDTH="1708"
          HEIGHT="2396"
          PHYSICAL_IMG_NR="111"
          ID="eSc_dummypage_">
      <PrintSpace HPOS="0"
                  VPOS="0"
                  WIDTH="1708"
                  HEIGHT="2396">
        <TextBlock HPOS="391.0"
                   VPOS="281.0"
                   WIDTH="96.0"
                   HEIGHT="52.0"
                   ID="block_0"
                   TAGREFS="BT29">
          <Shape><Polygon POINTS="487 281 487 333 391 333 391 281"/></Shape>
          <TextLine ID="line_1"
                    TAGREFS="LT8"
                    BASELINE="400 324 480 324" 
                    HPOS="400.0"
                    VPOS="288.0"
                    WIDTH="80.0"
                    HEIGHT="44.0">
            <Shape><Polygon POINTS="400 324 400 332 480 332 480 324 480 296 453 288 452 288 451 288 400 296 400 324"/></Shape>
	    <String CONTENT="112"
                    HPOS="400.0"
                    VPOS="288.0"
                    WIDTH="80.0"
                    HEIGHT="44.0"></String>
          </TextLine>
        </TextBlock>
        <TextBlock HPOS="642.0"
                   VPOS="287.0"
                   WIDTH="485.0"
                   HEIGHT="44.0"
                   ID="block_1"
                   TAGREFS="BT18">
          <Shape><Polygon POINTS="1127 287 1127 331 642 331 642 287"/></Shape>
          <TextLine ID="line_2"
                    TAGREFS="LT8"
                    BASELINE="650 315 1119 318" 
                    HPOS="649.0"
                    VPOS="292.0"
                    WIDTH="470.0"
                    HEIGHT="36.0">
            <Shape><Polygon POINTS="650 315 649 326 1116 328 1119 318 1118 295 650 292 650 315"/></Shape>
	    <String CONTENT="BUENOS AIRES EN EL AÑO 2080"
                    HPOS="649.0"
                    VPOS="292.0"
                    WIDTH="470.0"
                    HEIGHT="36.0"></String>
          </TextLine>
        </TextBlock>
        <TextBlock HPOS="346.0"
                   VPOS="408.0"
                   WIDTH="1069.0"
                   HEIGHT="1509.0"
                   ID="block_2"
                   TAGREFS="BT12">
          <Shape><Polygon POINTS="1415 408 1415 1911 346 1917 346 408"/></Shape>
          <TextLine ID="line_3"
                    TAGREFS="LT8"
                    BASELINE="359 460 1407 464" 
                    HPOS="358.0"
                    VPOS="423.0"
                    WIDTH="1049.0"
                    HEIGHT="62.0">
            <Shape><Polygon POINTS="359 460 358 471 366 477 367 477 368 477 370 477 451 473 463 483 464 483 465 483 467 483 552 473 609 483 611 483 666 471 709 477 710 477 882 472 949 484 950 484 951 484 953 484 963 475 1047 472 1063 485 1065 485 1066 485 1067 485 1148 473 1271 476 1281 485 1283 485 1284 485 1285 485 1405 472 1407 464 1407 437 1383 428 1381 428 1380 428 1275 436 1274 436 1256 424 1255 424 1254 424 1203 424 1202 424 1200 424 1163 436 1162 436 1155 436 1074 429 1072 429 1071 429 1058 436 1057 436 1055 436 1018 423 1017 423 1015 423 1014 423 973 435 913 435 895 423 894 423 893 423 836 423 834 423 833 423 832 423 816 435 814 435 805 435 680 427 678 427 677 427 676 427 666 433 625 427 624 427 581 433 580 433 571 427 569 427 568 427 567 427 359 432 359 460"/></Shape>
	    <String CONTENT="ron pasage en un Paquete que salia para"
                    HPOS="358.0"
                    VPOS="423.0"
                    WIDTH="1049.0"
                    HEIGHT="62.0"></String>
          </TextLine>
          <TextLine ID="line_4"
                    TAGREFS="LT8"
                    BASELINE="360 531 1404 535" 
                    HPOS="359.0"
                    VPOS="485.0"
                    WIDTH="1045.0"
                    HEIGHT="66.0">
            <Shape><Polygon POINTS="360 531 359 540 870 551 871 551 873 551 874 551 885 544 946 551 947 551 1034 544 1067 551 1068 551 1403 544 1404 535 1404 504 1368 488 1367 488 1332 488 1331 488 1329 488 1328 488 1309 503 1308 504 1206 504 1200 500 1179 489 1178 489 1176 489 1175 489 1174 489 1162 497 1135 488 1134 488 1132 488 1131 488 1130 488 1115 499 1110 504 1059 504 953 503 945 496 931 487 930 487 929 487 897 487 895 487 894 487 893 487 879 496 873 500 862 495 841 487 840 487 838 487 837 487 836 487 825 495 816 503 790 503 778 493 769 487 768 487 766 487 765 487 764 487 742 493 717 501 601 501 587 491 580 485 579 485 577 485 523 485 521 485 520 485 519 485 513 489 501 499 488 489 483 485 481 485 480 485 479 485 477 485 469 489 457 495 443 488 433 485 432 485 431 485 429 485 428 485 426 488 416 495 407 488 404 485 403 485 402 485 400 485 360 487 360 531"/></Shape>
	    <String CONTENT="Bahía Blanca, adonde llegaron al tercer dia"
                    HPOS="359.0"
                    VPOS="485.0"
                    WIDTH="1045.0"
                    HEIGHT="66.0"></String>
          </TextLine>
          <TextLine ID="line_5"
                    TAGREFS="LT8"
                    BASELINE="360 605 1407 605" 
                    HPOS="360.0"
                    VPOS="561.0"
                    WIDTH="1047.0"
                    HEIGHT="53.0">
            <Shape><Polygon POINTS="360 605 360 614 1405 614 1407 605 1407 576 1367 561 1365 561 1364 561 1363 561 1319 576 1247 576 1220 561 1219 561 1218 561 1216 561 1215 561 1199 572 1184 561 1183 561 1182 561 1144 561 1143 561 1142 561 1114 576 1061 576 1042 561 1041 561 1039 561 1007 561 1006 561 1005 561 1003 561 985 576 890 576 846 561 845 561 844 561 842 561 841 561 826 573 740 575 721 561 720 561 718 561 696 561 694 561 693 561 692 561 677 573 635 561 633 561 632 561 631 561 603 575 541 561 540 561 539 561 537 561 519 576 480 576 455 575 437 561 436 561 435 561 379 561 378 561 376 561 375 561 360 572 360 605"/></Shape>
	    <String CONTENT="á las ocho de la mañana. Inmediatamente"
                    HPOS="360.0"
                    VPOS="561.0"
                    WIDTH="1047.0"
                    HEIGHT="53.0"></String>
          </TextLine>
          <TextLine ID="line_6"
                    TAGREFS="LT8"
                    BASELINE="367 674 1400 673" 
                    HPOS="366.0"
                    VPOS="629.0"
                    WIDTH="1034.0"
                    HEIGHT="56.0">
            <Shape><Polygon POINTS="367 674 367 685 1399 684 1400 673 1397 645 1313 645 1312 644 1293 629 1292 629 1291 629 1289 629 1288 629 1263 637 1223 629 1222 629 1220 629 1219 629 1207 638 1180 629 1179 629 1178 629 1176 629 1175 629 1159 642 1156 645 1055 645 1050 641 1033 629 1031 629 1030 629 977 629 975 629 974 629 973 629 958 641 954 644 950 641 934 629 933 629 931 629 930 629 929 629 911 638 887 629 886 629 885 629 883 629 882 629 870 638 858 629 857 629 855 629 818 629 817 629 816 629 814 629 798 640 796 641 790 640 761 629 760 629 758 629 757 629 756 629 744 638 736 645 681 645 669 638 650 629 649 629 648 629 646 629 645 629 635 637 605 629 604 629 603 629 601 629 600 629 591 637 581 644 410 644 395 636 380 629 379 629 378 629 376 629 366 633 367 674"/></Shape>
	    <String CONTENT="tomaron el tren de Bahía Blanca al Cabo¬"
                    HPOS="366.0"
                    VPOS="629.0"
                    WIDTH="1034.0"
                    HEIGHT="56.0"></String>
          </TextLine>
          <TextLine ID="line_7"
                    TAGREFS="LT8"
                    BASELINE="359 746 1401 744" 
                    HPOS="358.0"
                    VPOS="702.0"
                    WIDTH="1043.0"
                    HEIGHT="62.0">
            <Shape><Polygon POINTS="359 746 359 756 410 756 411 756 420 764 422 764 423 764 424 764 500 756 509 756 533 756 777 764 778 764 780 764 805 756 818 764 820 764 821 764 822 764 874 754 878 754 879 754 887 761 889 761 890 761 891 762 962 762 962 761 963 761 965 761 973 754 974 754 987 754 1103 761 1104 761 1106 761 1119 754 1128 762 1130 762 1131 762 1132 762 1134 762 1160 754 1162 754 1184 762 1186 762 1187 762 1278 754 1288 762 1289 762 1291 762 1292 764 1365 764 1365 762 1367 762 1401 753 1401 744 1399 716 1336 716 1320 702 1319 702 1317 702 1283 702 1281 702 1280 702 1279 702 1263 716 1223 716 1207 702 1206 702 1204 702 1140 702 1139 702 1138 702 1136 702 1120 716 1021 716 1005 702 1003 702 1002 702 979 702 978 702 925 714 890 702 889 702 887 702 886 702 885 702 869 717 749 717 714 704 713 704 712 704 645 716 563 716 547 704 545 704 544 704 543 704 428 713 415 704 414 704 412 704 383 704 382 704 380 704 379 704 358 714 359 746"/></Shape>
	    <String CONTENT="el que los condujo en tres horas á San Cris¬"
                    HPOS="358.0"
                    VPOS="702.0"
                    WIDTH="1043.0"
                    HEIGHT="62.0"></String>
          </TextLine>
          <TextLine ID="line_8"
                    TAGREFS="LT8"
                    BASELINE="362 817 1152 817" 
                    HPOS="362.0"
                    VPOS="777.0"
                    WIDTH="790.0"
                    HEIGHT="57.0">
            <Shape><Polygon POINTS="362 817 362 825 376 833 378 833 379 833 488 826 697 833 698 833 734 826 786 833 788 833 821 826 913 833 914 833 915 833 929 826 934 831 934 833 935 833 937 833 938 833 939 833 954 826 967 833 969 833 970 833 971 833 973 833 979 827 986 833 986 834 987 834 989 834 990 834 1152 825 1152 817 1152 790 749 789 749 788 738 778 738 777 737 777 736 777 734 777 733 777 706 788 705 788 684 777 682 777 657 777 656 777 654 777 653 777 653 778 644 788 641 789 637 788 607 777 605 777 604 777 557 786 544 789 500 788 500 786 491 778 491 777 489 777 488 777 487 777 444 786 443 786 433 778 433 777 432 777 431 777 429 777 392 784 371 777 370 777 368 777 367 777 366 777 366 778 362 782 362 817"/></Shape>
	    <String CONTENT="tobal: este fué un nuevo paseo."
                    HPOS="362.0"
                    VPOS="777.0"
                    WIDTH="790.0"
                    HEIGHT="57.0"></String>
          </TextLine>
          <TextLine ID="line_9"
                    TAGREFS="LT8"
                    BASELINE="420 889 1401 885" 
                    HPOS="419.0"
                    VPOS="842.0"
                    WIDTH="982.0"
                    HEIGHT="65.0">
            <Shape><Polygon POINTS="420 889 420 897 543 907 544 907 545 907 580 898 744 903 745 903 850 897 862 906 863 906 865 906 866 907 906 907 906 906 907 906 929 898 939 905 941 905 942 905 943 905 978 898 1065 903 1066 903 1067 903 1095 895 1175 905 1176 905 1305 895 1315 903 1316 903 1317 903 1360 905 1361 905 1363 905 1401 893 1401 885 1399 857 1348 857 1348 855 1332 842 1331 842 1329 842 1312 842 1311 842 1309 842 1308 842 1293 855 1292 855 1163 855 1162 854 1143 842 1142 842 1140 842 1118 842 1116 842 1115 842 1114 842 1102 853 1098 857 1074 857 1068 853 1054 843 1053 843 1051 843 1050 843 1005 853 1001 853 999 853 986 843 985 843 983 843 982 843 981 843 963 851 953 857 810 855 805 850 797 843 796 843 794 843 770 843 769 843 768 843 766 843 758 850 750 855 732 850 716 845 714 845 713 845 712 845 710 845 705 850 696 857 685 849 678 845 677 845 676 845 650 845 649 845 648 845 646 845 642 849 629 858 419 847 420 889"/></Shape>
	    <String CONTENT="Despues de haber prestado algunas ho¬"
                    HPOS="419.0"
                    VPOS="842.0"
                    WIDTH="982.0"
                    HEIGHT="65.0"></String>
          </TextLine>
          <TextLine ID="line_10"
                    TAGREFS="LT8"
                    BASELINE="359 958 1400 961" 
                    HPOS="358.0"
                    VPOS="913.0"
                    WIDTH="1042.0"
                    HEIGHT="62.0">
            <Shape><Polygon POINTS="359 958 358 969 364 974 366 974 367 974 368 975 429 975 429 974 431 974 432 974 444 966 548 974 549 974 591 966 593 966 596 966 660 974 661 974 701 967 710 974 712 974 713 974 714 974 788 973 789 973 790 973 797 967 800 966 816 967 879 975 881 975 997 969 1034 967 1058 970 1102 974 1103 974 1104 974 1114 970 1120 967 1397 971 1400 961 1399 930 1377 930 1377 929 1356 914 1355 914 1353 914 1301 914 1300 914 1299 914 1297 914 1285 925 1255 926 1239 914 1238 914 1236 914 1214 914 1212 914 1211 914 1210 914 1191 929 1166 914 1164 914 1142 914 1140 914 1139 914 1138 914 1120 929 1092 914 1091 914 1070 914 1068 914 1067 914 1066 914 1047 929 1046 930 1010 930 1007 929 985 914 983 914 982 914 981 914 929 927 708 927 690 913 689 913 688 913 686 913 685 913 657 919 627 913 625 913 624 913 623 913 605 927 604 929 564 929 563 927 541 913 540 913 539 913 537 913 536 913 505 922 484 913 483 913 481 913 480 913 479 913 460 927 459 927 359 927 359 958"/></Shape>
	    <String CONTENT="ras á los deberes sagrados de la familia,"
                    HPOS="358.0"
                    VPOS="913.0"
                    WIDTH="1042.0"
                    HEIGHT="62.0"></String>
          </TextLine>
          <TextLine ID="line_11"
                    TAGREFS="LT8"
                    BASELINE="363 1028 1400 1032" 
                    HPOS="362.0"
                    VPOS="981.0"
                    WIDTH="1038.0"
                    HEIGHT="63.0">
            <Shape><Polygon POINTS="363 1028 362 1035 379 1043 380 1043 382 1044 1399 1044 1400 1032 1400 1000 1375 983 1373 983 1372 983 1309 983 1308 983 1307 983 1305 983 1296 991 1259 983 1258 983 1256 983 1255 983 1246 991 1219 983 1218 983 1216 983 1215 983 1214 983 1203 991 1176 983 1175 983 1174 983 1172 983 1171 983 1158 994 1144 983 1143 983 1142 983 1115 983 1114 983 1112 983 1111 983 1087 998 995 999 922 998 902 982 901 982 899 982 898 982 897 982 870 993 844 982 842 982 841 982 840 982 838 982 817 999 816 1000 744 1000 730 999 686 997 670 983 669 983 668 983 666 983 665 983 664 983 653 993 639 981 637 981 636 981 635 981 633 981 632 981 605 998 605 999 465 999 464 998 429 981 428 981 427 981 426 981 424 981 403 998 402 998 363 998 363 1028"/></Shape>
	    <String CONTENT="volvieron á tomar el ferro-carril del Oeste,"
                    HPOS="362.0"
                    VPOS="981.0"
                    WIDTH="1038.0"
                    HEIGHT="63.0"></String>
          </TextLine>
          <TextLine ID="line_12"
                    TAGREFS="LT8"
                    BASELINE="372 1103 1399 1100" 
                    HPOS="371.0"
                    VPOS="1055.0"
                    WIDTH="1028.0"
                    HEIGHT="65.0">
            <Shape><Polygon POINTS="372 1103 374 1120 404 1110 488 1119 489 1119 575 1110 631 1116 632 1116 633 1116 635 1116 642 1110 673 1116 674 1116 742 1110 788 1118 789 1118 790 1118 792 1118 825 1110 881 1118 886 1118 887 1118 903 1118 1049 1110 1063 1115 1065 1115 1066 1115 1067 1115 1068 1115 1078 1108 1124 1115 1126 1115 1127 1115 1128 1115 1138 1108 1172 1115 1174 1115 1175 1115 1190 1108 1200 1115 1200 1116 1202 1116 1203 1116 1204 1116 1397 1114 1399 1100 1396 1072 1364 1064 1363 1064 1361 1064 1347 1071 1320 1055 1319 1055 1317 1055 1281 1055 1280 1055 1279 1055 1278 1055 1260 1070 1231 1055 1230 1055 1228 1055 1227 1055 1208 1066 1194 1055 1192 1055 1191 1055 1118 1055 1116 1055 1115 1055 1114 1055 1094 1071 1043 1055 1042 1055 1041 1055 1039 1055 1010 1068 926 1071 853 1074 817 1074 813 1070 794 1056 793 1056 792 1056 753 1056 752 1056 750 1056 749 1056 733 1070 732 1070 713 1056 712 1056 710 1056 688 1056 686 1056 685 1056 684 1056 668 1070 664 1072 648 1070 621 1066 620 1066 536 1070 496 1071 493 1070 477 1056 476 1056 475 1056 433 1056 432 1056 431 1056 429 1056 414 1070 408 1072 371 1070 372 1103"/></Shape>
	    <String CONTENT="y llegaron al dia siguiente á Petrolina,"
                    HPOS="371.0"
                    VPOS="1055.0"
                    WIDTH="1028.0"
                    HEIGHT="65.0"></String>
          </TextLine>
          <TextLine ID="line_13"
                    TAGREFS="LT8"
                    BASELINE="363 1175 1226 1171" 
                    HPOS="362.0"
                    VPOS="1124.0"
                    WIDTH="864.0"
                    HEIGHT="67.0">
            <Shape><Polygon POINTS="363 1175 363 1191 418 1182 524 1188 525 1188 785 1180 794 1184 800 1188 801 1188 802 1188 804 1188 937 1186 938 1186 939 1186 943 1183 947 1179 966 1182 986 1186 987 1186 1156 1180 1190 1187 1191 1187 1192 1187 1226 1178 1226 1171 1223 1140 1184 1138 1172 1127 1172 1126 1171 1126 1170 1126 1168 1126 1167 1126 1131 1139 1114 1124 1112 1124 1111 1124 1061 1124 1059 1124 1058 1124 1057 1124 1057 1126 1047 1134 1037 1126 1037 1124 1035 1124 1034 1124 1033 1124 1031 1124 1003 1134 974 1124 973 1124 971 1124 970 1124 969 1124 969 1126 954 1140 918 1140 879 1126 878 1126 877 1126 875 1126 874 1126 874 1127 859 1140 837 1140 816 1126 814 1126 813 1126 812 1126 810 1126 809 1126 809 1127 793 1142 748 1142 706 1126 705 1126 704 1126 702 1126 701 1126 682 1140 650 1126 649 1126 648 1126 646 1126 645 1126 623 1143 561 1143 523 1127 521 1127 520 1127 519 1127 487 1142 471 1127 469 1127 468 1127 449 1127 448 1127 447 1127 445 1127 445 1128 435 1139 362 1143 363 1175"/></Shape>
	    <String CONTENT="prefectura de los Andes del Norte."
                    HPOS="362.0"
                    VPOS="1124.0"
                    WIDTH="864.0"
                    HEIGHT="67.0"></String>
          </TextLine>
          <TextLine ID="line_14"
                    TAGREFS="LT8"
                    BASELINE="419 1245 1405 1241" 
                    HPOS="418.0"
                    VPOS="1198.0"
                    WIDTH="987.0"
                    HEIGHT="65.0">
            <Shape><Polygon POINTS="419 1245 419 1252 444 1260 445 1260 447 1260 576 1253 584 1253 585 1253 619 1263 620 1263 621 1263 758 1253 797 1252 846 1255 975 1261 977 1261 1057 1259 1058 1259 1066 1255 1075 1251 1084 1255 1088 1257 1090 1257 1091 1257 1116 1256 1170 1251 1202 1256 1214 1257 1215 1257 1216 1257 1219 1256 1230 1251 1242 1256 1248 1259 1250 1259 1251 1259 1272 1256 1313 1251 1404 1256 1405 1241 1403 1213 1371 1213 1371 1212 1348 1198 1347 1198 1345 1198 1344 1198 1343 1198 1287 1212 1260 1198 1259 1198 1258 1198 1256 1198 1219 1208 1191 1198 1190 1198 1188 1198 1187 1198 1186 1198 1167 1212 1118 1207 1116 1207 975 1212 935 1213 933 1212 913 1199 911 1199 910 1199 834 1199 833 1199 832 1199 830 1199 814 1212 812 1213 780 1212 770 1212 754 1199 753 1199 752 1199 750 1199 728 1200 726 1200 725 1200 712 1212 709 1215 557 1215 552 1212 536 1200 535 1200 533 1200 509 1200 508 1200 507 1200 505 1200 492 1212 488 1215 484 1212 467 1200 465 1200 464 1200 428 1200 427 1200 426 1200 424 1200 424 1201 418 1207 419 1245"/></Shape>
	    <String CONTENT="Se le esperaba á Enrique con todos los"
                    HPOS="418.0"
                    VPOS="1198.0"
                    WIDTH="987.0"
                    HEIGHT="65.0"></String>
          </TextLine>
          <TextLine ID="line_15"
                    TAGREFS="LT8"
                    BASELINE="360 1319 1401 1311" 
                    HPOS="359.0"
                    VPOS="1269.0"
                    WIDTH="1042.0"
                    HEIGHT="67.0">
            <Shape><Polygon POINTS="360 1319 360 1327 568 1325 571 1325 581 1335 583 1335 584 1335 585 1336 621 1336 621 1335 665 1325 668 1325 685 1325 877 1331 878 1331 1013 1323 1030 1323 1031 1323 1043 1329 1045 1329 1046 1329 1047 1329 1065 1323 1070 1321 1075 1323 1094 1328 1095 1328 1096 1328 1136 1323 1147 1321 1158 1323 1226 1331 1227 1331 1400 1320 1401 1311 1399 1271 1379 1269 1377 1269 1376 1269 1375 1269 1375 1271 1359 1283 1082 1283 1055 1272 1051 1271 1050 1271 1049 1271 1047 1271 1046 1271 1045 1272 1026 1285 987 1285 967 1272 966 1272 965 1272 877 1272 875 1272 834 1273 833 1273 832 1273 816 1285 601 1280 600 1280 599 1280 581 1287 533 1281 532 1281 456 1288 359 1276 360 1319"/></Shape>
	    <String CONTENT="honores que eran debidos á su rango y á"
                    HPOS="359.0"
                    VPOS="1269.0"
                    WIDTH="1042.0"
                    HEIGHT="67.0"></String>
          </TextLine>
          <TextLine ID="line_17"
                    TAGREFS="LT8"
                    BASELINE="360 1388 1401 1380" 
                    HPOS="359.0"
                    VPOS="1336.0"
                    WIDTH="1042.0"
                    HEIGHT="68.0">
            <Shape><Polygon POINTS="360 1388 360 1396 529 1404 531 1404 611 1395 616 1395 694 1395 859 1395 874 1401 875 1401 877 1401 1038 1400 1039 1400 1041 1400 1054 1391 1055 1391 1070 1397 1071 1397 1191 1398 1192 1398 1194 1398 1195 1398 1204 1391 1224 1397 1226 1397 1227 1398 1372 1398 1372 1397 1373 1397 1401 1388 1401 1380 1397 1352 1162 1352 1124 1336 1123 1336 1122 1336 1120 1336 1119 1336 1099 1351 1068 1336 1067 1336 1066 1336 1065 1336 1063 1336 1043 1355 981 1355 959 1337 958 1337 957 1337 922 1337 921 1337 919 1337 883 1353 857 1339 855 1339 854 1339 809 1345 782 1339 781 1339 780 1339 778 1339 777 1339 768 1347 737 1339 736 1339 734 1339 733 1339 732 1339 721 1348 709 1339 708 1339 706 1339 705 1339 650 1340 649 1340 648 1340 627 1356 537 1340 536 1340 535 1340 533 1340 523 1349 505 1341 504 1341 503 1341 501 1341 500 1341 480 1356 375 1352 374 1352 372 1352 359 1357 360 1388"/></Shape>
	    <String CONTENT="su mérito. El fiel Bonifacio habia organi¬"
                    HPOS="359.0"
                    VPOS="1336.0"
                    WIDTH="1042.0"
                    HEIGHT="68.0"></String>
          </TextLine>
          <TextLine ID="line_18"
                    TAGREFS="LT8"
                    BASELINE="363 1457 1405 1453" 
                    HPOS="362.0"
                    VPOS="1410.0"
                    WIDTH="1043.0"
                    HEIGHT="63.0">
            <Shape><Polygon POINTS="363 1457 363 1466 544 1473 545 1473 547 1473 560 1466 572 1466 760 1472 761 1472 762 1472 764 1472 770 1465 772 1465 855 1465 865 1465 987 1472 989 1472 990 1472 1018 1465 1051 1472 1053 1472 1054 1472 1055 1472 1063 1464 1065 1464 1132 1464 1134 1464 1140 1470 1142 1470 1143 1470 1144 1470 1178 1464 1180 1464 1192 1464 1384 1470 1385 1470 1387 1470 1405 1462 1405 1453 1404 1425 1364 1410 1363 1410 1361 1410 1360 1410 1343 1418 1333 1410 1332 1410 1331 1410 1291 1410 1289 1410 1288 1410 1287 1410 1272 1421 1243 1410 1242 1410 1240 1410 1203 1417 1184 1410 1183 1410 1182 1410 1180 1410 1179 1410 1164 1421 1120 1424 1098 1410 1096 1410 1095 1410 1068 1410 1067 1410 1066 1410 1065 1410 1053 1421 1025 1412 1023 1412 1022 1412 1021 1412 1019 1412 1002 1425 975 1412 974 1412 973 1412 909 1425 889 1412 887 1412 886 1412 863 1412 862 1412 861 1412 859 1412 841 1425 792 1420 790 1420 697 1426 593 1420 592 1420 591 1420 573 1428 479 1428 457 1413 456 1413 455 1413 427 1413 426 1413 362 1428 363 1457"/></Shape>
	    <String CONTENT="zado ya su casa, en donde todo estaba listo"
                    HPOS="362.0"
                    VPOS="1410.0"
                    WIDTH="1043.0"
                    HEIGHT="63.0"></String>
          </TextLine>
          <TextLine ID="line_19"
                    TAGREFS="LT8"
                    BASELINE="366 1530 713 1526" 
                    HPOS="364.0"
                    VPOS="1484.0"
                    WIDTH="349.0"
                    HEIGHT="64.0">
            <Shape><Polygon POINTS="366 1530 366 1548 445 1540 567 1541 694 1544 696 1544 697 1544 713 1536 713 1526 710 1500 689 1500 665 1484 664 1484 662 1484 661 1484 609 1494 599 1485 599 1484 597 1484 596 1484 595 1484 561 1485 560 1485 559 1485 539 1498 370 1494 368 1494 367 1494 366 1494 366 1496 364 1496 366 1530"/></Shape>
	    <String CONTENT="para recibirle."
                    HPOS="364.0"
                    VPOS="1484.0"
                    WIDTH="349.0"
                    HEIGHT="64.0"></String>
          </TextLine>
          <TextLine ID="line_20"
                    TAGREFS="LT8"
                    BASELINE="423 1599 1393 1596" 
                    HPOS="422.0"
                    VPOS="1550.0"
                    WIDTH="971.0"
                    HEIGHT="67.0">
            <Shape><Polygon POINTS="423 1599 423 1607 540 1617 541 1617 615 1607 624 1607 629 1607 652 1614 653 1614 654 1614 726 1607 756 1606 1074 1606 1083 1607 1107 1614 1108 1614 1110 1615 1150 1615 1150 1614 1151 1614 1164 1607 1172 1605 1236 1607 1345 1614 1347 1614 1392 1607 1393 1596 1389 1564 1299 1564 1296 1562 1283 1550 1281 1550 1280 1550 1279 1550 1278 1550 1255 1562 1251 1565 1246 1562 1227 1550 1226 1550 1224 1550 1223 1550 1222 1550 1183 1562 1175 1565 1115 1566 1078 1566 1070 1561 1054 1552 1053 1552 1051 1552 1029 1552 1027 1552 1026 1552 1025 1552 1013 1561 1009 1564 999 1561 969 1552 967 1552 966 1552 965 1552 963 1552 954 1561 947 1566 935 1561 915 1552 914 1552 848 1552 846 1552 845 1552 829 1560 816 1566 766 1566 760 1560 750 1552 749 1552 748 1552 746 1552 726 1553 725 1553 724 1553 717 1560 706 1568 499 1568 483 1558 475 1553 473 1553 472 1553 471 1553 422 1557 423 1599"/></Shape>
	    <String CONTENT="Enrique es el modelo de los prefectos y"
                    HPOS="422.0"
                    VPOS="1550.0"
                    WIDTH="971.0"
                    HEIGHT="67.0"></String>
          </TextLine>
          <TextLine ID="line_21"
                    TAGREFS="LT8"
                    BASELINE="363 1670 1403 1663" 
                    HPOS="362.0"
                    VPOS="1623.0"
                    WIDTH="1041.0"
                    HEIGHT="63.0">
            <Shape><Polygon POINTS="363 1670 363 1678 476 1686 477 1686 512 1679 725 1685 726 1685 777 1677 780 1677 788 1677 955 1683 957 1683 958 1683 983 1675 985 1675 998 1682 999 1682 1001 1683 1103 1683 1103 1682 1104 1682 1106 1682 1115 1675 1188 1682 1190 1682 1227 1674 1230 1674 1240 1674 1371 1681 1372 1681 1373 1681 1403 1673 1403 1663 1400 1637 1280 1630 1279 1630 1088 1637 1062 1637 1058 1637 994 1623 993 1623 991 1623 990 1623 975 1637 973 1639 966 1637 955 1633 954 1633 953 1633 867 1634 855 1625 854 1625 853 1625 786 1625 785 1625 784 1625 782 1625 768 1637 762 1641 696 1639 692 1637 676 1626 674 1626 673 1626 672 1626 572 1637 523 1642 503 1637 468 1627 467 1627 436 1627 435 1627 433 1627 432 1627 420 1637 374 1627 372 1627 371 1627 370 1627 362 1633 363 1670"/></Shape>
	    <String CONTENT="de los maridos. Merece tener una nume¬"
                    HPOS="362.0"
                    VPOS="1623.0"
                    WIDTH="1041.0"
                    HEIGHT="63.0"></String>
          </TextLine>
          <TextLine ID="line_22"
                    TAGREFS="LT8"
                    BASELINE="363 1741 1319 1738" 
                    HPOS="362.0"
                    VPOS="1694.0"
                    WIDTH="957.0"
                    HEIGHT="65.0">
            <Shape><Polygon POINTS="363 1741 363 1750 611 1757 612 1757 685 1750 686 1750 696 1758 697 1758 698 1758 700 1759 778 1759 778 1758 866 1749 878 1749 1094 1749 1096 1749 1128 1755 1130 1755 1317 1747 1319 1738 1316 1698 1297 1694 1296 1694 1295 1694 1293 1694 1289 1698 1279 1707 1251 1698 1236 1694 1235 1694 1234 1694 1232 1694 1222 1699 1202 1710 1079 1710 1066 1702 1055 1694 1054 1694 1053 1694 1029 1694 1027 1694 1026 1694 1025 1694 1015 1702 1010 1707 955 1710 946 1703 945 1703 943 1703 942 1703 934 1703 899 1709 893 1705 878 1694 877 1694 875 1694 841 1694 840 1694 838 1694 837 1694 822 1706 817 1710 652 1711 648 1709 631 1695 629 1695 628 1695 579 1695 577 1695 576 1695 532 1709 516 1695 515 1695 513 1695 493 1695 492 1695 491 1695 489 1695 469 1711 468 1711 404 1705 403 1705 362 1713 363 1741"/></Shape>
	    <String CONTENT="rosa familia: ¡que Dios se la conceda!"
                    HPOS="362.0"
                    VPOS="1694.0"
                    WIDTH="957.0"
                    HEIGHT="65.0"></String>
          </TextLine>
          <TextLine ID="line_23"
                    TAGREFS="LT8"
                    BASELINE="829 1883 949 1880" 
                    HPOS="826.0"
                    VPOS="1830.0"
                    WIDTH="123.0"
                    HEIGHT="60.0">
            <Shape><Polygon POINTS="829 1883 829 1890 949 1888 949 1880 945 1830 826 1831 829 1883"/></Shape>
	    <String CONTENT="FIN"
                    HPOS="826.0"
                    VPOS="1830.0"
                    WIDTH="123.0"
                    HEIGHT="60.0"></String>
          </TextLine>
        </TextBlock>
        <TextBlock HPOS="807.0"
                   VPOS="2214.0"
                   WIDTH="430.0"
                   HEIGHT="151.0"
                   ID="eSc_textblock_4af92011"
                   TAGREFS="BT27">
          <Shape><Polygon POINTS="807 2365 807 2214 1237 2214 1237 2365"/></Shape>
          <TextLine ID="eSc_line_820c5d16"
                    TAGREFS="LT8"
                    BASELINE="842 2336 1198 2326" 
                    HPOS="839.0"
                    VPOS="2264.0"
                    WIDTH="357.0"
                    HEIGHT="78.0">
            <Shape><Polygon POINTS="841 2334 841 2338 1122 2342 1124 2342 1196 2330 1196 2324 1194 2282 1142 2264 1140 2264 1138 2264 1136 2264 1134 2264 1106 2282 986 2268 984 2268 982 2268 980 2268 980 2270 966 2284 962 2288 839 2288 841 2334"/></Shape>
	    <String CONTENT="Digitized by Google"
                    HPOS="839.0"
                    VPOS="2264.0"
                    WIDTH="357.0"
                    HEIGHT="78.0"></String>
          </TextLine>
        </TextBlock>
      </PrintSpace>
    </Page>
  </Layout>
</alto>
