1734 2392
412.0 340.0 57.0 45.0 20

667.0 336.0 468.0 41.0 BUENOS AIRES EN EL AÑO 2080

432.0 469.0 988.0 63.0 La aceptacion significa, como es sabido,

376.0 543.0 1045.0 62.0 que la jóven es dueña de su mano, y que

371.0 612.0 1050.0 65.0 el jóven, por ese mero hecho, se constituye

371.0 683.0 1050.0 65.0 en desposado. Despues de esta corta y deci¬

371.0 756.0 1050.0 59.0 siva ceremonia, si el desposado voluntario

369.0 826.0 1051.0 60.0 no se casa dentro de ocho dias, será conde¬

371.0 898.0 1050.0 58.0 nado á tres años de trabajo en las minas

372.0 963.0 1044.0 66.0 profundas, en donde los solterones seduc¬

372.0 1039.0 1049.0 58.0 tores cavan galerias subterráneas, con el

369.0 1106.0 1051.0 60.0 sudor en la frente. En tiempos antiguos

369.0 1178.0 1052.0 57.0 existía un sér que se llamaba un rival: la

371.0 1250.0 1051.0 60.0 especie casi se ha estinguido. Hoy, si un

371.0 1316.0 1049.0 66.0 rival tuviese la osadía de pretender pertur¬

373.0 1386.0 1045.0 62.0 bar la felicidad de los desposados, se le con¬

371.0 1453.0 1046.0 63.0 denaría al desmonte. Nuestro nuevo Código

371.0 1530.0 1049.0 60.0 exige, con sobrada razon, que toda condena

369.0 1601.0 1052.0 61.0 sea provechosa para la sociedad, puesto que

368.0 1666.0 1052.0 61.0 el delito se hace en detrimento suyo. Por

369.0 1743.0 1049.0 56.0 esto es que ya no existen cárceles, ni cala¬

369.0 1808.0 1049.0 61.0 bozos, en los cuales algunos desdichados

369.0 1883.0 1049.0 49.0 arrastraban su triste existencia, sin lucro

368.0 1948.0 1046.0 65.0 alguno para la humanidad; nuestras leyes,

828.0 2264.0 361.0 70.0 Digitized by Google
