1712 2392
413.0 287.0 54.0 43.0 56

667.0 284.0 468.0 34.0 BUENOS AIRES EN EL AÑO 2080

373.0 413.0 1053.0 53.0 decir, traen, á Buenos Aires, la conversacion

374.0 482.0 1052.0 61.0 del mundo entero. Toda casa pudiente tie¬

373.0 554.0 1051.0 58.0 ne sobre el frente su tabularium, como anti¬

376.0 624.0 1043.0 63.0 guamente lo había en el muro Capitolino,

377 693 1045 68 y en él dejan consignado lo que en el

380.0 769.0 1047.0 60.0 Universo sucede y puede ser de interés, los

376.0 837.0 1050.0 66.0 empleados activos é inteligentes de la agen¬

377.0 907.0 1050.0 65.0 cia telegráfica central, encargados de este

377.0 983.0 1053.0 50.0 ramo noticioso. Un sirviente, á quien un

377.0 1052.0 1050.0 61.0 campanillazo avisa, corre á la puerta, reco¬

382.0 1120.0 1049.0 65.0 ge la noticia que halla en el tabularium y la

382.0 1192.0 669.0 53.0 transmite al dueño de casa.

439.0 1261.0 992.0 61.0 En ese dia, mientras duró la comida, que

380.0 1335.0 1051.0 59.0 sería como una hora–el telégrafo sirvió, á

380.0 1404.0 1051.0 55.0 los convidados de Sebastian, cuatro noticias

382.0 1480.0 1037.0 58.0 de interesante y elevada conversacion, y

386.0 1548.0 1046.0 51.0 varios chismecillos de las crónicas de las

385.0 1617.0 1046.0 62.0 Cinco partes del Mundo. Anunciaron que

382.0 1687.0 1041.0 64.0 el Capitan Lagerie había llegado á los 88°

382.0 1759.0 1052.0 62.0 del polo Norte, con su inmenso buque de

381.0 1831.0 1054.0 62.0 acero, La Ville de Paris, impulsado por

381.0 1901.0 1053.0 64.0 cuatro hélices eléctricas, de fuerza de cua¬

836.0 2260.0 363.0 78.0 Digitized by Google
