1778 2402
408.0 302.0 76.0 39.0 108

662.0 302.0 465.0 35.0 BUENOS AIRES EN EL AÑO 2080

371.0 431.0 1046.0 62.0 palabra á su esposa con mucha dulzura,

372.0 501.0 199.0 63.0 le dijo:

428.0 571.0 994.0 64.0 Tus deseos, queridita mia, tambien son

368.0 644.0 1054.0 61.0 los mios: pero este espectáculo dura cinco

368.0 716.0 1053.0 61.0 horas, y tengo imperiosos deberes que

368.0 787.0 1058.0 57.0 cumplir. Primeramente tenemos que ir á

369.0 851.0 1052.0 63.0 la isla de Borbon á causa de ese pobre Cán¬

371.0 928.0 1051.0 59.0 dido siempre privado de noticias; es un

369.0 996.0 1057.0 62.0 servicio urgente. Tampoco debo echar en

369.0 1062.0 1055.0 64.0 olvido mi prefectura de los Andes del Nor¬

373.0 1138.0 1056.0 60.0 te. Desde anoche no dispongo ya de mi

372.0 1206.0 1049.0 67.0 persona; pertenezco á los Colonos de Jujuy

377.0 1277.0 1051.0 62.0 y del Gran Chaco, y á los accionistas de mi

371.0 1346.0 1058.0 56.0 mina de cobre. Cinco horas dedicadas á un

375.0 1421.0 1054.0 60.0 placer frivolo pesarian sobre mi corazon

373.0 1493.0 588.0 50.0 cual un remordimiento.

436.0 1557.0 734.0 63.0 Primavera inclinándose dijo:

449.0 1633.0 680.0 57.0 –Tú siempre tienes razon.

432.0 1698.0 997.0 64.0 Los dos esposos, despues de haber en¬

380.0 1768.0 1056.0 57.0 viado á Bonifacio al Hotel de la Prefectura

377.0 1841.0 1057.0 63.0 de los Andes, para tener todo listo para su

380.0 1910.0 1052.0 67.0 próxima llegada, se despidieron de Sebas¬

832.0 2269.0 353.0 72.0 Digitized by Google
