1762 2378
713.0 309.0 329.0 34.0 HISTORIA VEROSIMIL

1308.0 307.0 50.0 47.0 93

352.0 437.0 1047.0 61.0 entre ambos mundos. A dos actores que

351.0 507.0 1047.0 61.0 contasen sus asuntos delante del agujero

354.0 576.0 983.0 59.0 del consueta nadie les escucharía ahora.

412.0 649.0 989.0 59.0 La música es la única que ha conservado

354.0 716.0 1045.0 62.0 el derecho de hablar; ella sola puede ha¬

352.0 791.0 1047.0 59.0 cerse comprender de un público compuesto

354.0 860.0 1047.0 59.0 de todas las naciones y de todas las lenguas

350.0 927.0 1049.0 59.0 del Universo. Todas las sátiras mezquinas

354.0 1000.0 1047.0 60.0 de la humanidad, todas las representacio¬

354.0 1074.0 1048.0 55.0 nes escénicas de nuestras enfermedades

355.0 1145.0 1044.0 57.0 morales, todas las convicciones que no ser¬

358.0 1211.0 1043.0 62.0 vian sinó para alimentar los odios y las

355.0 1286.0 1048.0 56.0 misantropías, porque presentaban el hom¬

356.0 1351.0 1043.0 62.0 bre al hombre bajo un aspecto horrible¬

356.0 1424.0 1049.0 54.0 mente feo, todas esas lecciones de moralidad

359.0 1494.0 1040.0 60.0 que caian de la viciosa cátedra del teatro,

359.0 1569.0 1040.0 57.0 ya no tienen su razon de ser, y no encon¬

360.0 1638.0 1041.0 55.0 trarian eco en este siglo de comunion uni¬

362.0 1705.0 1043.0 60.0 versal, en que la verdadera civilizacion ha

362.0 1776.0 1035.0 61.0 pronunciado estas sus últimas palabras: Fé,

360.0 1842.0 402.0 57.0 Amor, Caridad!

840.0 2249.0 349.0 69.0 Digitized by Google
