<?xml version="1.0" encoding="UTF-8"?>
<alto xmlns:xsi="http://www.w3.org/2001/XMLSchema-instance"
      xmlns="http://www.loc.gov/standards/alto/ns-v4#"
      xsi:schemaLocation="http://www.loc.gov/standards/alto/ns-v4# http://www.loc.gov/standards/alto/v4/alto-4-2.xsd">
  <Description>
    <MeasurementUnit>pixel</MeasurementUnit>
    <sourceImageInformation>
      <fileName>29432339.png</fileName>
    </sourceImageInformation>
  </Description>
  <Tags>
    <OtherTag ID="BT7" LABEL="CustomZone" DESCRIPTION="block type CustomZone"/><OtherTag ID="BT8" LABEL="DamageZone" DESCRIPTION="block type DamageZone"/><OtherTag ID="BT9" LABEL="DigitizationArtefactZone" DESCRIPTION="block type DigitizationArtefactZone"/><OtherTag ID="BT10" LABEL="DropCapitalZone" DESCRIPTION="block type DropCapitalZone"/><OtherTag ID="BT11" LABEL="GraphicZone" DESCRIPTION="block type GraphicZone"/><OtherTag ID="BT12" LABEL="MainZone" DESCRIPTION="block type MainZone"/><OtherTag ID="BT13" LABEL="MarginTextZone" DESCRIPTION="block type MarginTextZone"/><OtherTag ID="BT14" LABEL="MusicZone" DESCRIPTION="block type MusicZone"/><OtherTag ID="BT15" LABEL="NumberingZone" DESCRIPTION="block type NumberingZone"/><OtherTag ID="BT17" LABEL="QuireMarksZone" DESCRIPTION="block type QuireMarksZone"/><OtherTag ID="BT18" LABEL="RunningTitleZone" DESCRIPTION="block type RunningTitleZone"/><OtherTag ID="BT19" LABEL="SealZone" DESCRIPTION="block type SealZone"/><OtherTag ID="BT20" LABEL="StampZone" DESCRIPTION="block type StampZone"/><OtherTag ID="BT21" LABEL="TableZone" DESCRIPTION="block type TableZone"/><OtherTag ID="BT22" LABEL="TitlePageZone" DESCRIPTION="block type TitlePageZone"/><OtherTag ID="BT28" LABEL="CustomZone:Numbering" DESCRIPTION="block type CustomZone:Numbering"/><OtherTag ID="BT29" LABEL="NumberingZone:page" DESCRIPTION="block type NumberingZone:page"/><OtherTag ID="BT30" LABEL="NumberingZone:folio" DESCRIPTION="block type NumberingZone:folio"/>
    <OtherTag ID="LT7" LABEL="CustomLine" DESCRIPTION="line type CustomLine"/><OtherTag ID="LT8" LABEL="DefaultLine" DESCRIPTION="line type DefaultLine"/><OtherTag ID="LT9" LABEL="DropCapitalLine" DESCRIPTION="line type DropCapitalLine"/><OtherTag ID="LT10" LABEL="HeadingLine" DESCRIPTION="line type HeadingLine"/><OtherTag ID="LT11" LABEL="InterlinearLine" DESCRIPTION="line type InterlinearLine"/><OtherTag ID="LT12" LABEL="MusicLine" DESCRIPTION="line type MusicLine"/>
  </Tags>
  <Layout>
    <Page WIDTH="1768"
          HEIGHT="2369"
          PHYSICAL_IMG_NR="94"
          ID="eSc_dummypage_">
      <PrintSpace HPOS="0"
                  VPOS="0"
                  WIDTH="1768"
                  HEIGHT="2369">
        <TextBlock HPOS="689.0"
                   VPOS="311.0"
                   WIDTH="341.0"
                   HEIGHT="43.0"
                   ID="block_0"
                   TAGREFS="BT18">
          <Shape><Polygon POINTS="1030 311 1030 354 689 354 689 311"/></Shape>
          <TextLine ID="line_0"
                    TAGREFS="LT8"
                    BASELINE="700 342 1026 339" 
                    HPOS="699.0"
                    VPOS="317.0"
                    WIDTH="327.0"
                    HEIGHT="35.0">
            <Shape><Polygon POINTS="700 342 700 352 1026 350 1026 339 1022 317 699 318 700 342"/></Shape>
	    <String CONTENT="HISTORIA VEROSIMIL"
                    HPOS="699.0"
                    VPOS="317.0"
                    WIDTH="327.0"
                    HEIGHT="35.0"></String>
          </TextLine>
        </TextBlock>
        <TextBlock HPOS="1287.0"
                   VPOS="311.0"
                   WIDTH="65.0"
                   HEIGHT="47.0"
                   ID="block_3"
                   TAGREFS="BT29">
          <Shape><Polygon POINTS="1352 311 1352 358 1287 358 1287 311"/></Shape>
          <TextLine ID="line_18"
                    TAGREFS="LT8"
                    BASELINE="1296 348 1342 348" 
                    HPOS="1296.0"
                    VPOS="319.0"
                    WIDTH="46.0"
                    HEIGHT="40.0">
            <Shape><Polygon POINTS="1296 348 1296 359 1342 359 1342 348 1342 319 1296 319 1296 348"/></Shape>
	    <String CONTENT="95"
                    HPOS="1296.0"
                    VPOS="319.0"
                    WIDTH="46.0"
                    HEIGHT="40.0"></String>
          </TextLine>
        </TextBlock>
        <TextBlock HPOS="322.0"
                   VPOS="435.0"
                   WIDTH="1076.0"
                   HEIGHT="1554.0"
                   ID="block_1"
                   TAGREFS="BT12">
          <Shape><Polygon POINTS="1398 435 1398 1989 322 1989 322 435"/></Shape>
          <TextLine ID="line_1"
                    TAGREFS="LT8"
                    BASELINE="340 492 1384 488" 
                    HPOS="339.0"
                    VPOS="447.0"
                    WIDTH="1045.0"
                    HEIGHT="63.0">
            <Shape><Polygon POINTS="340 492 340 510 377 502 396 509 397 509 398 509 400 509 401 509 416 498 712 498 741 505 754 508 755 509 795 509 795 508 796 508 805 505 825 497 974 502 1026 504 1028 504 1049 501 1090 496 1116 500 1137 504 1138 504 1140 504 1150 500 1161 496 1183 500 1224 506 1225 506 1373 505 1374 505 1375 505 1384 497 1384 488 1382 461 1208 461 1188 447 1187 447 1186 447 1158 447 1157 447 1155 447 1154 447 1140 459 1078 460 1037 447 1036 447 1034 447 1033 447 999 459 932 455 930 455 929 455 928 455 920 461 883 448 882 448 849 448 847 448 846 448 845 448 828 461 809 454 808 454 699 454 697 454 642 455 641 455 639 455 629 463 562 455 560 455 559 455 529 463 512 450 510 450 509 450 455 450 454 450 452 450 451 450 433 463 356 454 355 454 354 454 352 454 339 461 340 492"/></Shape>
	    <String CONTENT="ge, ella se encarga de cuanto se la quiera"
                    HPOS="339.0"
                    VPOS="447.0"
                    WIDTH="1045.0"
                    HEIGHT="63.0"></String>
          </TextLine>
          <TextLine ID="line_2"
                    TAGREFS="LT8"
                    BASELINE="337 561 1380 560" 
                    HPOS="335.0"
                    VPOS="518.0"
                    WIDTH="1045.0"
                    HEIGHT="61.0">
            <Shape><Polygon POINTS="337 561 337 569 398 569 401 571 417 579 418 579 419 579 469 572 512 579 513 579 514 579 516 579 525 571 529 569 795 569 813 573 838 579 839 579 946 573 1050 569 1170 569 1178 576 1182 579 1183 579 1184 579 1186 579 1215 576 1249 572 1378 576 1380 560 1379 531 1340 518 1338 518 1337 518 1273 531 1047 531 1013 518 1012 518 1011 518 1009 518 1008 518 995 529 901 530 684 518 683 518 681 518 680 518 660 530 635 518 634 518 633 518 631 518 592 529 530 518 529 518 527 518 526 518 509 530 355 525 354 525 352 525 335 530 337 561"/></Shape>
	    <String CONTENT="ocupar, hasta del cargamento mas grande,"
                    HPOS="335.0"
                    VPOS="518.0"
                    WIDTH="1045.0"
                    HEIGHT="61.0"></String>
          </TextLine>
          <TextLine ID="line_3"
                    TAGREFS="LT8"
                    BASELINE="346 631 1379 629" 
                    HPOS="344.0"
                    VPOS="585.0"
                    WIDTH="1035.0"
                    HEIGHT="65.0">
            <Shape><Polygon POINTS="346 631 347 650 383 638 402 644 404 644 405 644 585 638 609 646 616 648 617 648 618 650 662 650 662 648 663 648 672 646 688 640 793 644 826 644 828 644 829 644 830 644 832 643 839 638 884 643 905 644 907 644 908 644 909 644 912 642 921 636 976 642 1016 644 1017 644 1047 640 1075 636 1090 639 1117 647 1118 647 1120 648 1174 648 1174 647 1175 647 1176 647 1187 638 1190 636 1200 638 1251 647 1253 647 1254 647 1274 636 1275 636 1276 636 1287 646 1288 646 1290 646 1324 647 1325 647 1378 635 1379 629 1377 601 1251 601 1250 600 1230 585 1229 585 1228 585 1226 585 1225 585 1191 600 1191 601 1130 601 1129 600 1099 585 1097 585 1078 585 1076 585 1075 585 1074 585 1055 600 1024 585 1022 585 1000 585 999 585 997 585 996 585 983 596 955 585 954 585 953 585 951 585 950 585 932 600 930 600 895 585 893 585 868 585 867 585 866 585 864 585 849 600 846 602 772 602 766 598 735 586 734 586 693 586 692 586 691 586 667 598 662 601 638 598 600 594 598 594 577 598 564 601 560 598 545 586 543 586 542 586 541 586 472 598 454 601 444 598 416 586 414 586 413 586 344 597 346 631"/></Shape>
	    <String CONTENT="y hace la espedicion de todo bajo la res¬"
                    HPOS="344.0"
                    VPOS="585.0"
                    WIDTH="1035.0"
                    HEIGHT="65.0"></String>
          </TextLine>
          <TextLine ID="line_4"
                    TAGREFS="LT8"
                    BASELINE="340 702 1388 702" 
                    HPOS="340.0"
                    VPOS="656.0"
                    WIDTH="1048.0"
                    HEIGHT="62.0">
            <Shape><Polygon POINTS="340 702 340 718 649 710 872 714 1150 718 1151 718 1300 710 1373 718 1374 718 1375 718 1377 718 1388 710 1388 702 1388 673 1358 671 1340 656 1338 656 1337 656 1311 656 1309 656 1308 656 1307 656 1286 672 1270 672 1116 672 1083 656 1082 656 1080 656 1079 656 1032 672 1030 672 1020 672 966 671 943 656 942 656 941 656 939 656 938 656 908 664 884 656 883 656 882 656 880 656 879 656 859 672 858 673 824 673 822 672 800 656 799 656 797 656 776 656 775 656 774 656 772 656 753 672 717 656 716 656 692 656 691 656 689 656 688 656 668 672 646 656 645 656 643 656 642 656 602 665 591 656 589 656 588 656 476 656 475 656 473 656 472 656 454 671 340 671 340 702"/></Shape>
	    <String CONTENT="ponsabilidad de la Administracion. La"
                    HPOS="340.0"
                    VPOS="656.0"
                    WIDTH="1048.0"
                    HEIGHT="62.0"></String>
          </TextLine>
          <TextLine ID="line_5"
                    TAGREFS="LT8"
                    BASELINE="340 771 1384 773" 
                    HPOS="339.0"
                    VPOS="726.0"
                    WIDTH="1045.0"
                    HEIGHT="63.0">
            <Shape><Polygon POINTS="340 771 339 777 360 787 362 787 363 787 855 780 862 785 862 787 863 787 864 787 866 787 1276 781 1286 788 1287 788 1288 788 1290 789 1366 789 1366 788 1367 788 1383 780 1384 773 1384 742 1345 727 1344 727 1342 727 1341 727 1303 740 1303 742 1280 742 1280 740 1263 727 1262 727 1261 727 1242 727 1241 727 1240 727 1238 727 1221 740 1221 742 1134 742 1133 740 1113 727 1112 727 1111 727 1109 727 1108 727 1063 740 1061 740 1058 740 1020 727 1018 727 1017 727 1016 727 1014 727 999 739 996 742 970 742 967 739 951 727 950 727 949 727 947 727 946 727 926 734 912 727 910 727 909 727 908 727 883 739 879 740 804 740 803 739 784 726 783 726 781 726 780 726 699 738 679 726 677 726 676 726 570 726 568 726 567 726 566 726 550 738 548 739 546 738 521 726 520 726 496 726 494 726 493 726 492 726 477 738 475 740 408 740 404 737 389 726 388 726 387 726 355 726 354 726 352 726 351 726 340 733 340 771"/></Shape>
	    <String CONTENT="Casa de Telégrafos está situada en frente"
                    HPOS="339.0"
                    VPOS="726.0"
                    WIDTH="1045.0"
                    HEIGHT="63.0"></String>
          </TextLine>
          <TextLine ID="line_6"
                    TAGREFS="LT8"
                    BASELINE="339 840 1386 844" 
                    HPOS="338.0"
                    VPOS="797.0"
                    WIDTH="1048.0"
                    HEIGHT="62.0">
            <Shape><Polygon POINTS="339 840 338 847 351 856 352 856 354 856 355 858 397 858 397 856 398 856 400 856 409 848 433 856 434 856 435 856 593 848 609 856 610 856 612 856 613 856 614 856 625 848 635 856 637 856 638 856 708 858 709 858 947 850 1212 859 1213 859 1334 851 1348 859 1349 859 1350 859 1352 859 1353 859 1384 850 1386 844 1384 802 1357 800 1355 800 1354 800 1353 800 1350 802 1332 815 1232 809 1230 809 1196 815 1179 804 1175 800 1174 800 1172 800 1171 800 1170 800 1158 804 1124 813 1079 804 1058 800 1057 800 1055 800 1046 804 1028 813 959 808 958 808 957 808 943 814 932 805 924 798 922 798 921 798 879 798 878 798 876 798 854 805 825 814 651 812 646 806 634 797 633 797 631 797 595 797 593 797 592 797 591 797 579 808 571 813 559 808 535 797 534 797 510 797 509 797 508 797 506 797 493 808 485 814 471 814 462 808 447 797 446 797 444 797 427 797 426 797 425 797 423 797 410 808 404 813 394 808 372 797 371 797 369 797 368 797 339 808 339 840"/></Shape>
	    <String CONTENT="de la de Correos; está construida por el"
                    HPOS="338.0"
                    VPOS="797.0"
                    WIDTH="1048.0"
                    HEIGHT="62.0"></String>
          </TextLine>
          <TextLine ID="line_7"
                    TAGREFS="LT8"
                    BASELINE="338 914 1383 912" 
                    HPOS="337.0"
                    VPOS="871.0"
                    WIDTH="1046.0"
                    HEIGHT="58.0">
            <Shape><Polygon POINTS="338 914 338 922 685 929 687 929 688 929 689 929 697 922 699 922 1382 922 1383 912 1379 872 1317 883 1265 873 1249 871 1248 871 1246 871 1245 871 1242 873 1229 884 839 884 821 880 776 872 775 872 774 872 772 872 762 881 759 881 646 884 642 883 626 872 625 872 624 872 566 872 564 872 563 872 521 884 520 884 516 884 346 879 344 879 343 879 342 879 337 881 338 914"/></Shape>
	    <String CONTENT="mismo estilo y ambas se armonizan. Se vé"
                    HPOS="337.0"
                    VPOS="871.0"
                    WIDTH="1046.0"
                    HEIGHT="58.0"></String>
          </TextLine>
          <TextLine ID="line_8"
                    TAGREFS="LT8"
                    BASELINE="338 984 1387 984" 
                    HPOS="338.0"
                    VPOS="939.0"
                    WIDTH="1049.0"
                    HEIGHT="54.0">
            <Shape><Polygon POINTS="338 984 338 993 1387 993 1387 984 1387 946 1361 939 1359 939 1358 939 1357 939 1348 946 1337 954 1287 954 1269 946 1250 939 1249 939 1248 939 1246 939 1245 939 1236 946 1226 954 1040 954 1032 948 1020 939 1018 939 1017 939 1016 939 1014 939 988 948 984 950 983 948 971 939 970 939 968 939 892 939 891 939 889 939 888 939 875 948 870 954 760 954 756 950 742 939 741 939 739 939 717 939 716 939 714 939 713 939 699 950 695 954 676 954 672 951 656 939 655 939 654 939 652 939 596 950 560 939 559 939 558 939 556 939 555 939 538 951 538 952 537 951 522 939 521 939 520 939 500 939 498 939 497 939 496 939 479 952 477 954 338 954 338 984"/></Shape>
	    <String CONTENT="en su fachada el gran Tabularium en el cual"
                    HPOS="338.0"
                    VPOS="939.0"
                    WIDTH="1049.0"
                    HEIGHT="54.0"></String>
          </TextLine>
          <TextLine ID="line_9"
                    TAGREFS="LT8"
                    BASELINE="339 1054 1387 1054" 
                    HPOS="339.0"
                    VPOS="1013.0"
                    WIDTH="1048.0"
                    HEIGHT="58.0">
            <Shape><Polygon POINTS="339 1054 339 1062 355 1069 356 1069 358 1069 394 1062 423 1068 425 1068 426 1068 955 1062 967 1069 968 1069 970 1069 971 1069 1062 1062 1167 1069 1169 1069 1201 1063 1211 1069 1212 1069 1213 1069 1215 1071 1304 1071 1304 1069 1305 1069 1332 1062 1375 1069 1377 1069 1378 1069 1379 1069 1387 1063 1387 1054 1387 1016 1355 1013 1354 1013 1353 1013 1352 1013 1349 1016 1333 1025 1179 1025 1157 1017 1141 1013 1140 1013 1138 1013 1116 1018 1084 1026 946 1026 934 1019 932 1018 930 1018 929 1018 904 1019 855 1023 845 1021 822 1013 821 1013 820 1013 818 1013 800 1021 791 1025 776 1021 766 1018 764 1018 763 1018 762 1018 749 1021 734 1025 712 1022 655 1013 654 1013 652 1013 651 1013 638 1022 634 1025 614 1022 529 1013 527 1013 526 1013 509 1022 339 1025 339 1054"/></Shape>
	    <String CONTENT="se inscriben las noticias que interesan al"
                    HPOS="339.0"
                    VPOS="1013.0"
                    WIDTH="1048.0"
                    HEIGHT="58.0"></String>
          </TextLine>
          <TextLine ID="line_10"
                    TAGREFS="LT8"
                    BASELINE="342 1126 1388 1123" 
                    HPOS="340.0"
                    VPOS="1080.0"
                    WIDTH="1048.0"
                    HEIGHT="61.0">
            <Shape><Polygon POINTS="342 1126 342 1141 493 1133 531 1139 533 1139 534 1139 535 1139 559 1133 679 1138 710 1139 712 1139 713 1139 718 1138 737 1133 1387 1133 1388 1123 1386 1096 1192 1096 1161 1093 1144 1080 1142 1080 1141 1080 1140 1080 1138 1080 1137 1080 1113 1095 1072 1088 1071 1088 1070 1088 1057 1095 1032 1088 1030 1088 1029 1088 954 1092 925 1080 924 1080 922 1080 921 1080 891 1093 866 1087 864 1087 863 1087 862 1087 860 1087 860 1088 851 1096 832 1088 830 1088 760 1088 759 1088 713 1096 693 1081 692 1081 691 1081 643 1081 642 1081 641 1081 639 1081 622 1096 604 1081 602 1081 601 1081 567 1081 566 1081 564 1081 522 1096 477 1081 476 1081 387 1081 385 1081 384 1081 340 1097 342 1126"/></Shape>
	    <String CONTENT="público; de dia, esas noticias se trazan con"
                    HPOS="340.0"
                    VPOS="1080.0"
                    WIDTH="1048.0"
                    HEIGHT="61.0"></String>
          </TextLine>
          <TextLine ID="line_11"
                    TAGREFS="LT8"
                    BASELINE="339 1195 1386 1192" 
                    HPOS="338.0"
                    VPOS="1151.0"
                    WIDTH="1048.0"
                    HEIGHT="58.0">
            <Shape><Polygon POINTS="339 1195 339 1202 791 1209 792 1209 793 1209 795 1209 804 1202 805 1202 1097 1208 1099 1208 1100 1208 1124 1201 1125 1201 1128 1201 1176 1208 1178 1208 1179 1208 1180 1208 1188 1201 1196 1208 1197 1208 1199 1208 1200 1209 1352 1209 1352 1208 1384 1200 1386 1192 1383 1166 1279 1166 1250 1151 1249 1151 1216 1151 1215 1151 1213 1151 1212 1151 1194 1164 1158 1151 1157 1151 1134 1151 1133 1151 1132 1151 1130 1151 1113 1164 1055 1151 1054 1151 1053 1151 1016 1164 892 1158 891 1158 889 1158 871 1164 851 1152 850 1152 849 1152 817 1152 816 1152 814 1152 813 1152 796 1166 772 1159 771 1159 770 1159 672 1163 655 1152 654 1152 652 1152 591 1152 589 1152 588 1152 555 1162 468 1152 467 1152 466 1152 464 1152 444 1164 431 1158 430 1158 429 1158 338 1167 339 1195"/></Shape>
	    <String CONTENT="caractéres blancos, de un metro de alto, so¬"
                    HPOS="338.0"
                    VPOS="1151.0"
                    WIDTH="1048.0"
                    HEIGHT="58.0"></String>
          </TextLine>
          <TextLine ID="line_12"
                    TAGREFS="LT8"
                    BASELINE="343 1267 1387 1263" 
                    HPOS="342.0"
                    VPOS="1218.0"
                    WIDTH="1045.0"
                    HEIGHT="62.0">
            <Shape><Polygon POINTS="343 1267 343 1273 692 1273 751 1280 753 1280 754 1280 755 1280 767 1272 770 1272 907 1272 914 1272 1065 1279 1066 1279 1067 1279 1068 1279 1079 1271 1087 1277 1088 1277 1090 1277 1192 1279 1194 1279 1195 1279 1215 1271 1224 1279 1225 1279 1226 1279 1228 1280 1270 1280 1270 1279 1271 1279 1290 1271 1299 1279 1300 1279 1301 1279 1303 1280 1353 1280 1353 1279 1354 1279 1387 1270 1387 1263 1384 1234 1266 1234 1263 1231 1246 1218 1245 1218 1244 1218 1242 1218 1241 1218 1213 1231 1209 1233 1066 1233 1061 1230 1040 1218 1038 1218 1037 1218 1036 1218 1014 1229 1011 1231 1008 1229 995 1220 993 1220 992 1220 921 1220 920 1220 918 1220 917 1220 907 1227 905 1230 903 1227 892 1220 891 1220 889 1220 821 1220 820 1220 818 1220 817 1220 808 1227 797 1234 700 1229 699 1229 654 1235 626 1225 616 1221 614 1221 613 1221 595 1225 550 1234 537 1223 533 1221 531 1221 530 1221 529 1221 514 1223 496 1227 475 1223 463 1221 462 1221 460 1221 459 1221 456 1223 439 1235 342 1222 343 1267"/></Shape>
	    <String CONTENT="bre el fondo negro del Tabularium; de no¬"
                    HPOS="342.0"
                    VPOS="1218.0"
                    WIDTH="1045.0"
                    HEIGHT="62.0"></String>
          </TextLine>
          <TextLine ID="line_13"
                    TAGREFS="LT8"
                    BASELINE="340 1337 1387 1334" 
                    HPOS="339.0"
                    VPOS="1289.0"
                    WIDTH="1048.0"
                    HEIGHT="77.0">
            <Shape><Polygon POINTS="340 1337 340 1366 419 1364 421 1364 422 1364 447 1346 505 1347 506 1347 508 1347 509 1347 517 1341 535 1347 537 1347 655 1349 656 1349 658 1349 674 1341 739 1349 741 1349 742 1349 756 1341 764 1347 766 1347 767 1347 860 1349 862 1349 925 1339 943 1349 945 1349 946 1349 988 1339 997 1347 999 1347 1000 1347 1001 1347 1053 1346 1061 1350 1080 1363 1082 1363 1083 1363 1084 1363 1086 1363 1121 1349 1144 1339 1165 1347 1172 1351 1174 1351 1217 1352 1219 1354 1374 1354 1374 1352 1375 1352 1377 1352 1387 1343 1387 1334 1384 1305 1288 1305 1271 1292 1270 1292 1269 1292 1267 1292 1266 1292 1265 1292 1249 1302 1233 1289 1232 1289 1230 1289 1229 1289 1228 1289 1213 1296 1192 1289 1191 1289 1190 1289 1188 1289 1187 1289 1167 1305 1053 1305 1028 1289 1026 1289 1025 1289 1024 1289 1022 1289 988 1301 954 1289 953 1289 951 1289 950 1289 949 1289 929 1305 814 1305 796 1291 795 1291 793 1291 772 1291 771 1291 770 1291 768 1291 749 1306 724 1306 702 1291 701 1291 700 1291 676 1291 675 1291 674 1291 637 1305 606 1304 589 1291 588 1291 587 1291 585 1291 584 1291 562 1299 525 1291 523 1291 522 1291 487 1304 467 1291 466 1291 464 1291 443 1291 442 1291 441 1291 439 1291 422 1304 369 1291 368 1291 367 1291 365 1291 364 1291 339 1304 340 1337"/></Shape>
	    <String CONTENT="che las letras las forma el fuego eléctrico."
                    HPOS="339.0"
                    VPOS="1289.0"
                    WIDTH="1048.0"
                    HEIGHT="77.0"></String>
          </TextLine>
          <TextLine ID="line_14"
                    TAGREFS="LT8"
                    BASELINE="344 1405 1391 1408" 
                    HPOS="343.0"
                    VPOS="1363.0"
                    WIDTH="1048.0"
                    HEIGHT="58.0">
            <Shape><Polygon POINTS="344 1405 343 1413 1205 1421 1207 1421 1390 1414 1391 1408 1391 1368 1359 1364 1358 1364 1357 1364 1355 1364 1352 1367 1336 1380 1225 1380 1195 1367 1188 1364 1187 1364 1186 1364 1184 1364 1183 1364 1180 1367 1170 1375 1020 1379 1011 1372 1009 1372 1008 1372 1007 1372 954 1376 926 1366 924 1364 922 1364 921 1364 920 1364 917 1366 891 1377 867 1370 866 1370 864 1370 863 1370 832 1377 813 1364 812 1363 810 1363 809 1363 780 1363 779 1363 778 1363 776 1363 775 1364 759 1376 735 1364 733 1363 731 1363 730 1363 722 1364 680 1374 649 1364 645 1363 643 1363 642 1363 641 1363 638 1364 614 1376 541 1377 506 1363 505 1363 504 1363 502 1363 501 1363 500 1363 472 1379 419 1379 397 1363 396 1363 394 1363 344 1363 344 1405"/></Shape>
	    <String CONTENT="En este instante la noticia inscrita en el"
                    HPOS="343.0"
                    VPOS="1363.0"
                    WIDTH="1048.0"
                    HEIGHT="58.0"></String>
          </TextLine>
          <TextLine ID="line_15"
                    TAGREFS="LT8"
                    BASELINE="347 1477 1375 1476" 
                    HPOS="346.0"
                    VPOS="1429.0"
                    WIDTH="1029.0"
                    HEIGHT="63.0">
            <Shape><Polygon POINTS="347 1477 347 1485 1373 1492 1375 1476 1371 1434 1324 1442 1313 1434 1307 1429 1305 1429 1304 1429 1279 1429 1278 1429 1276 1429 1265 1434 1251 1442 1242 1435 1236 1429 1234 1429 1233 1429 1207 1429 1205 1429 1204 1429 1203 1429 1194 1435 1184 1442 1176 1435 1169 1429 1167 1429 1166 1429 1118 1429 1117 1429 1116 1429 1115 1429 1104 1437 1101 1439 1097 1437 1088 1429 1087 1429 1086 1429 1084 1429 1083 1429 1082 1429 1071 1437 1063 1443 995 1443 984 1438 962 1429 961 1429 959 1429 958 1429 957 1429 945 1438 938 1443 913 1443 908 1439 896 1429 895 1429 893 1429 838 1429 837 1429 835 1429 834 1429 821 1439 818 1442 814 1439 792 1429 791 1429 789 1429 788 1429 764 1441 760 1443 692 1443 689 1441 671 1429 670 1429 668 1429 634 1429 633 1429 631 1429 630 1429 614 1442 613 1443 562 1443 498 1443 475 1429 473 1429 472 1429 471 1429 469 1429 468 1429 450 1442 434 1429 433 1429 431 1429 430 1429 429 1429 408 1437 365 1429 364 1429 363 1429 362 1429 346 1441 347 1477"/></Shape>
	    <String CONTENT="Tabularium dice así: Mendoza † Mediodia †"
                    HPOS="346.0"
                    VPOS="1429.0"
                    WIDTH="1029.0"
                    HEIGHT="63.0"></String>
          </TextLine>
          <TextLine ID="line_19"
                    TAGREFS="LT8"
                    BASELINE="346 1546 1388 1546" 
                    HPOS="346.0"
                    VPOS="1501.0"
                    WIDTH="1042.0"
                    HEIGHT="62.0">
            <Shape><Polygon POINTS="346 1546 346 1555 354 1560 355 1560 356 1560 462 1563 463 1563 464 1563 498 1554 533 1560 534 1560 666 1555 679 1563 680 1563 681 1563 683 1563 882 1560 883 1560 884 1560 893 1554 934 1560 935 1562 1161 1562 1161 1560 1162 1560 1163 1560 1172 1554 1251 1560 1253 1560 1254 1560 1255 1560 1262 1555 1271 1562 1273 1562 1274 1562 1275 1563 1352 1563 1352 1562 1388 1553 1388 1546 1388 1518 1292 1518 1290 1516 1270 1501 1269 1501 1267 1501 1228 1501 1226 1501 1225 1501 1224 1501 1207 1516 1203 1518 1151 1518 1146 1514 1126 1501 1125 1501 1124 1501 1122 1501 1121 1501 1080 1513 1075 1514 1071 1513 1029 1501 1028 1501 1026 1501 1025 1501 1024 1501 1009 1513 1003 1518 891 1518 878 1510 859 1501 858 1501 857 1501 855 1501 854 1501 839 1510 835 1513 787 1517 685 1513 679 1508 671 1501 670 1501 668 1501 624 1501 622 1501 621 1501 620 1501 613 1506 609 1509 605 1506 598 1501 597 1501 596 1501 595 1501 571 1506 564 1508 555 1506 535 1501 534 1501 533 1501 531 1501 530 1501 525 1505 510 1517 496 1505 491 1501 489 1501 488 1501 487 1501 485 1501 476 1505 448 1518 418 1518 397 1504 393 1501 392 1501 390 1501 389 1501 346 1502 346 1546"/></Shape>
	    <String CONTENT="Tunel del Tupungato concluido. Ferro¬"
                    HPOS="346.0"
                    VPOS="1501.0"
                    WIDTH="1042.0"
                    HEIGHT="62.0"></String>
          </TextLine>
          <TextLine ID="line_20"
                    TAGREFS="LT8"
                    BASELINE="343 1620 1392 1614" 
                    HPOS="342.0"
                    VPOS="1571.0"
                    WIDTH="1050.0"
                    HEIGHT="62.0">
            <Shape><Polygon POINTS="343 1620 343 1625 362 1633 363 1633 364 1633 483 1626 602 1631 604 1631 605 1631 625 1625 1009 1633 1011 1633 1012 1633 1032 1624 1059 1631 1061 1631 1062 1631 1103 1624 1120 1631 1121 1631 1122 1633 1382 1633 1382 1631 1383 1631 1384 1631 1392 1624 1392 1614 1391 1578 1374 1571 1373 1571 1371 1571 1370 1571 1353 1578 1333 1587 972 1587 958 1583 924 1572 922 1572 921 1572 920 1572 880 1584 878 1584 876 1584 860 1574 859 1574 858 1574 857 1574 805 1581 778 1574 776 1574 775 1574 774 1574 772 1574 758 1585 753 1589 730 1589 724 1585 693 1574 692 1574 691 1574 689 1574 688 1574 672 1587 668 1589 647 1589 645 1587 627 1574 626 1574 625 1574 624 1574 576 1575 575 1575 573 1575 559 1587 542 1575 541 1575 539 1575 512 1575 510 1575 509 1575 508 1575 496 1585 483 1575 481 1575 480 1575 442 1575 441 1575 439 1575 438 1575 425 1584 363 1583 362 1583 360 1583 342 1588 343 1620"/></Shape>
	    <String CONTENT="carril de B. A. á Santiago se inaugurará"
                    HPOS="342.0"
                    VPOS="1571.0"
                    WIDTH="1050.0"
                    HEIGHT="62.0"></String>
          </TextLine>
          <TextLine ID="line_21"
                    TAGREFS="LT8"
                    BASELINE="344 1689 805 1685" 
                    HPOS="343.0"
                    VPOS="1639.0"
                    WIDTH="462.0"
                    HEIGHT="64.0">
            <Shape><Polygon POINTS="344 1689 344 1696 496 1703 497 1703 498 1703 500 1703 508 1696 647 1701 649 1701 650 1701 666 1695 793 1700 795 1700 796 1700 797 1700 805 1693 805 1685 803 1656 755 1656 733 1639 731 1639 730 1639 697 1639 696 1639 695 1639 693 1639 674 1655 652 1639 651 1639 650 1639 649 1639 647 1639 630 1647 608 1641 606 1641 605 1641 604 1641 602 1641 602 1642 588 1656 556 1641 555 1641 537 1641 535 1641 534 1641 533 1641 533 1642 517 1656 462 1654 451 1643 451 1642 450 1642 448 1642 447 1642 446 1642 444 1642 444 1643 430 1658 404 1658 363 1642 362 1642 360 1642 359 1642 358 1642 358 1643 343 1656 344 1689"/></Shape>
	    <String CONTENT="dentro de 12 dias."
                    HPOS="343.0"
                    VPOS="1639.0"
                    WIDTH="462.0"
                    HEIGHT="64.0"></String>
          </TextLine>
          <TextLine ID="line_22"
                    TAGREFS="LT8"
                    BASELINE="381 1760 1391 1755" 
                    HPOS="380.0"
                    VPOS="1716.0"
                    WIDTH="1011.0"
                    HEIGHT="60.0">
            <Shape><Polygon POINTS="381 1760 383 1776 405 1768 509 1775 537 1776 538 1776 539 1776 545 1775 560 1767 709 1767 751 1772 781 1775 783 1775 808 1771 833 1767 901 1770 988 1774 989 1774 991 1774 1003 1768 1009 1766 1016 1768 1024 1772 1025 1772 1026 1772 1099 1767 1125 1766 1128 1767 1133 1772 1134 1772 1136 1772 1137 1772 1234 1766 1257 1764 1259 1766 1278 1772 1279 1772 1280 1774 1359 1774 1359 1772 1361 1772 1391 1763 1391 1755 1388 1726 1316 1726 1304 1716 1303 1716 1301 1716 1300 1716 1299 1716 1263 1726 1101 1726 1061 1717 1059 1717 1058 1717 1036 1726 934 1721 933 1721 883 1728 546 1720 545 1720 504 1729 401 1720 400 1720 398 1720 380 1729 381 1760"/></Shape>
	    <String CONTENT="Los jóvenes esposos no prestaron su aten¬"
                    HPOS="380.0"
                    VPOS="1716.0"
                    WIDTH="1011.0"
                    HEIGHT="60.0"></String>
          </TextLine>
          <TextLine ID="line_23"
                    TAGREFS="LT8"
                    BASELINE="344 1832 1390 1825" 
                    HPOS="343.0"
                    VPOS="1788.0"
                    WIDTH="1047.0"
                    HEIGHT="62.0">
            <Shape><Polygon POINTS="344 1832 344 1839 497 1850 498 1850 547 1839 554 1838 805 1838 809 1838 879 1847 880 1847 882 1847 907 1838 909 1837 1068 1837 1070 1837 1082 1846 1083 1846 1084 1846 1086 1846 1196 1838 1274 1845 1275 1845 1276 1845 1278 1845 1290 1835 1292 1834 1307 1835 1375 1843 1377 1843 1378 1843 1379 1843 1390 1835 1390 1825 1386 1797 1167 1797 1153 1788 1151 1788 1150 1788 1120 1788 1118 1788 1066 1797 1024 1788 1022 1788 1021 1788 1000 1796 934 1789 933 1789 932 1789 930 1789 918 1800 850 1800 781 1799 763 1789 762 1789 760 1789 759 1789 730 1800 658 1791 656 1791 655 1791 654 1791 643 1797 572 1793 571 1793 500 1801 363 1795 362 1795 360 1795 343 1801 344 1832"/></Shape>
	    <String CONTENT="cion por mucho tiempo á esta plaza y sus"
                    HPOS="343.0"
                    VPOS="1788.0"
                    WIDTH="1047.0"
                    HEIGHT="62.0"></String>
          </TextLine>
          <TextLine ID="line_24"
                    TAGREFS="LT8"
                    BASELINE="346 1901 1392 1897" 
                    HPOS="344.0"
                    VPOS="1858.0"
                    WIDTH="1048.0"
                    HEIGHT="52.0">
            <Shape><Polygon POINTS="346 1901 346 1910 1391 1907 1392 1897 1390 1859 1361 1858 1359 1858 1358 1858 1357 1858 1355 1859 1344 1868 1212 1868 1187 1860 1174 1858 1172 1858 1171 1858 1137 1862 1092 1867 1071 1863 1050 1858 1049 1858 1047 1858 1032 1863 1014 1870 882 1870 858 1866 817 1859 816 1859 814 1859 813 1859 805 1866 800 1868 775 1866 702 1859 701 1859 700 1859 699 1859 699 1860 691 1867 687 1870 663 1867 589 1860 588 1860 541 1870 534 1871 344 1871 346 1901"/></Shape>
	    <String CONTENT="monumentos; deseaban cuanto antes ver el"
                    HPOS="344.0"
                    VPOS="1858.0"
                    WIDTH="1048.0"
                    HEIGHT="52.0"></String>
          </TextLine>
          <TextLine ID="line_25"
                    TAGREFS="LT8"
                    BASELINE="351 1974 1388 1967" 
                    HPOS="350.0"
                    VPOS="1925.0"
                    WIDTH="1038.0"
                    HEIGHT="67.0">
            <Shape><Polygon POINTS="351 1974 351 1992 418 1982 656 1980 697 1987 700 1987 701 1987 709 1987 792 1979 878 1984 954 1988 955 1988 1032 1982 1047 1980 1055 1980 1087 1986 1088 1986 1090 1986 1091 1986 1097 1980 1100 1978 1105 1980 1115 1984 1116 1984 1153 1986 1154 1986 1155 1986 1157 1986 1165 1979 1167 1978 1176 1979 1213 1984 1215 1984 1216 1984 1236 1978 1241 1976 1242 1978 1250 1984 1251 1984 1253 1984 1359 1986 1361 1986 1362 1986 1388 1975 1388 1967 1386 1941 1224 1941 1203 1925 1201 1925 1200 1925 1180 1925 1179 1925 1178 1925 1176 1925 1155 1939 1117 1941 1112 1941 1108 1941 988 1935 987 1935 950 1942 945 1942 938 1942 825 1928 824 1928 822 1928 821 1928 803 1942 788 1935 787 1935 785 1935 687 1941 658 1929 656 1929 602 1929 601 1929 600 1929 598 1929 588 1937 559 1929 558 1929 556 1929 555 1929 522 1943 518 1945 514 1943 479 1930 477 1930 476 1930 350 1943 351 1974"/></Shape>
	    <String CONTENT="puerto de Buenos Aires, pues se le consi¬"
                    HPOS="350.0"
                    VPOS="1925.0"
                    WIDTH="1038.0"
                    HEIGHT="67.0"></String>
          </TextLine>
        </TextBlock>
        <TextBlock HPOS="815"
                   VPOS="2185"
                   WIDTH="390"
                   HEIGHT="142"
                   ID="eSc_textblock_b6bbb14b"
                   TAGREFS="BT9">
          <Shape><Polygon POINTS="815 2327 815 2185 1205 2200 1200 2327"/></Shape>
          <TextLine ID="eSc_line_bd96cb35"
                    TAGREFS="LT8"
                    BASELINE="831 2307 1184 2302" 
                    HPOS="827.0"
                    VPOS="2240.0"
                    WIDTH="356.0"
                    HEIGHT="71.0">
            <Shape><Polygon POINTS="829 2305 829 2311 1181 2309 1183 2301 1181 2252 1139 2240 1137 2240 1135 2240 1133 2240 1074 2256 1070 2256 1066 2256 1005 2240 1003 2240 1001 2240 999 2240 997 2240 965 2260 960 2264 827 2264 829 2305"/></Shape>
	    <String CONTENT="Digitized by Google"
                    HPOS="827.0"
                    VPOS="2240.0"
                    WIDTH="356.0"
                    HEIGHT="71.0"></String>
          </TextLine>
        </TextBlock>
      </PrintSpace>
    </Page>
  </Layout>
</alto>
