1739 2380
640.0 333.0 328.0 37.0 HISTORIA VEROSIMIL

1235.0 331.0 50.0 41.0 29

277.0 466.0 1048.0 65.0 primeras obras del grande y siempre popu¬

275.0 534.0 1051.0 62.0 lar Massenet, que murió hará poco más de

275.0 605.0 1050.0 66.0 siglo y medio. Desde los primeros compa¬

275.0 676.0 1052.0 61.0 ses, el periodista culpable vuelve de nuevo

273.0 745.0 1056.0 61.0 á fijar sus miradas en la frente pura de la

280.0 814.0 1046.0 65.0 jóven casada. Enrique tomó á dos ancia¬

273.0 887.0 1052.0 62.0 nos inmediatos por testigos del atentado.

277.0 955.0 1049.0 63.0 Uno de ellos levantó los ojos hácia el cielo

273.0 1028.0 1052.0 62.0 raso, y dijo con tristeza:–Hé ahí lo que

272.0 1100.0 1054.0 60.0 no se hubiera visto jamás en mi tiempo!

276.0 1170.0 1047.0 64.0 Un siglo perverso empieza; mas vale mo¬

272.0 1242.0 1051.0 63.0 rirse que presenciar la depravacion del

276.0 1320.0 246.0 57.0 porvenir!

331.0 1381.0 992.0 53.0 El otro anciano no tuvo fuerzas para

275.0 1451.0 1051.0 62.0 poder manifestar su indignacion: estaba

275.0 1521.0 300.0 55.0 anonadado!

333.0 1587.0 992.0 68.0 Se consideró de urgente necesidad la

272.0 1662.0 1050.0 60.0 convocatoria de un Senado de Ancianos

277.0 1732.0 1048.0 68.0 para juzgar al culpable, antes de llegar á

275.0 1803.0 1050.0 62.0 Buenos Aires, antes de pisar el suelo de

275.0 1872.0 1048.0 65.0 esa antigua ciudad en donde el pudor reina

275.0 1943.0 1047.0 62.0 cual soberano en las calles y en las plazas

833.0 2251.0 350.0 71.0 Digitized by Google
