1454 1986
571 251 278 35 HISTORIA VEROSIMIL

1069 249 45 42 61

271 359 876 53 confesar, no conozco sinó la América del

271 413 363 58 Norte y la India.

367 474 777 63 –¿Será que los viajes no le agradan,

274 527 206 60 Cándido?

326 595 745 58 –Los adoro, pero estoy enamorado.

341 648 323 66 –Y ¿de quién?

326 709 819 53 –De Violeta, la mas hermosa de todas

273 769 672 55 las jóvenes de la isla de Borbon.

331 834 286 49 –¿Francesa?

331 890 814 53 –¿Sí, señora; me encontré con ella hace

278 946 872 63 pocos dias en el puerto de Saint-Denis á

274 1007 875 53 mi vuelta de Bombay; y desde entónces

274 1067 873 58 mi cabeza y mi corazon se han quedado

276 1122 356 66 bajo los trópicos.

332 1188 812 59 –Pobre niño; y espera casarse para em¬

279 1244 322 63 pezar á viajar?

342 1304 807 59 –Sí, señora; preciso es ser dos para dar

276 1363 856 61 un paseo con gusto alrededor del globo, y

276 1421 696 55 es triste la soledad en ferro-carril.

329 1479 815 63 –Es muy cierto; ¿y ha dado Vd. algu¬

276 1540 621 55 nos pasos cerca de la familia?

337 1598 810 63 –Esta mañana dirijí al padre un telé¬
