1450 1991
353 278 45 37 40

561 273 394 40 BUENOS AIRES EN EL AÑO 2080

318 381 872 50 te, con una carta de recomendacion y se

320 436 870 61 presentaban al número de la direccion. Un

318 496 872 58 millonario, friamente cortés, abría la carta,

318 552 871 56 dirigía una sonrisa séria á los recomenda¬

320 610 870 65 dos y despues de decir, muy bien! muy bien!

320 671 869 54 con tono benévolo, se dignaba á veces ha¬

320 730 869 56 cerles algunas preguntas más o ménos dis¬

320 788 869 61 cretas. Los esposos saludaban, se despe¬

323 849 871 51 dian y volvian al encierro de su cuarto

322 907 872 53 numerado y oscuro de su desamueblado

323 963 125 59 hotel.

375 1022 819 58 A los ocho dias, recibian del millonario

327 1086 872 58 una invitacion para que fueran á comer á

323 1143 872 56 las seis en punto. La jóven encargaba un

327 1202 868 55 vestido, un sombrero, un abrigo, todo al

330 1257 865 67 gusto del dia. El marido se hacía vestir

323 1320 871 58 como un figurin, alquilaban un carruage,

330 1377 865 66 y se dirigian al convite, despues de haber

330 1438 865 63 gastado seis ú ocho mil pesos en aviarse,

328 1499 867 60 para hacer honor al corresponsal de un

323 1561 152 63 amigo.

377 1616 820 54 Se sentaban á la mesa á las siete, porque
