1452 1995
354 239 45 40 16

558 239 395 35 BUENOS AIRES EN EL AÑO 2080

316 342 876 53 bre todo, un excelente uso de su autoridad

314 402 871 60 soberana al poner á la mujer bajo la pro¬

314 462 873 51 teccion de todos, y principalmente al tomar

314 523 870 58 las medidas más ingeniosas para populari-

314 578 821 60 zar el matrimonio y suprimir el celibato.

362 636 823 57 Estos sábios legisladores comprendieron

311 696 871 55 muy bien que, en el estado actual de la ci¬

314 756 870 53 vilizacion, el celibato era una azote más

309 817 875 60 terrible que la antigua peste de que nos

307 872 877 59 habla la historia. Impedir el nacer es un

309 935 871 52 homicidio en masa cometido por la socie¬

307 992 877 60 dad. En 1879, por ejemplo, cuando la

309 1052 856 58 América del Sur se hallaba casi desierta, y

306 1113 874 55 no hacía esfuerzo alguno para poblarse, el

306 1172 873 58 celibato podia ser una profesion admitida,

307 1230 872 60 una especie de bajalicato cristiano; pero

307 1293 872 50 hoy... ya es otra cosa. Hemos tenido que

311 1348 868 60 poblar, hacer salubre y fértil el terreno de

304 1408 871 53 nuestras provincias, desde Jujuy hasta Ma¬

311 1467 869 60 gallanes; este inmenso trabajo no podia

306 1524 869 53 confiarsele á solteros. No se les ha dejado

309 1599 868 38 ninguna escusa á esos zanganos de las an¬
