1436 1985
531 291 274 36 HISTORIA VEROSIMIL

1025 292 45 42 31

638 466 80 53 III

282 575 824 53 En ese momento se llegaba á la esta¬

234 633 872 55 cion marítima de Buenos Aires. Es un in¬

233 691 875 53 menso perístilo de marmol de los Andes,

236 752 872 51 con cuatro columnatas pertenecientes al

234 808 877 52 orden de las Gracias–nombre que se ha

234 865 872 56 dado al nuevo orden de arquitectura inven¬

238 924 872 55 tado en el siglo XX°–y coronado por un

234 982 871 56 soberbio ático, adornado con esta inscrip¬

234 1042 874 56 cion: Hospitalidad. Hacía algunos momen¬

236 1103 877 53 tos que el tren iba costeando la rada hecha

234 1162 871 63 navegable hasta para los buques mas gran¬

236 1220 869 53 des y en donde se veian ancladas innume¬

236 1277 647 56 rables naves de hélice eléctrica.

289 1334 824 57 El jóven periodista fué condenado al

238 1394 873 58 matrimonio y nombrado miembro forzoso

238 1450 620 58 del Instituto de Buenos Aires.

296 1510 819 54 –Jóven, le dijo el Presidente, volverá

244 1569 869 57 Vd. á ser libre cuando haya, por medio del

243 1627 872 60 trabajo, hecho un descubrimiento útil para
