1479 1997
346 232 62 35 104

554 229 393 35 BUENOAS AIRES EN EL AÑO 2080

313 339 871 48 nos, y que ya no nos consideremos verda¬

313 392 874 62 deramente grandes sino por el alma, la

311 449 450 63 inteligencia y el bien.

364 505 820 67 Enrique y Primavera leyeron los princi¬

314 569 871 61 pales nombres inscriptos sobre las cinco

313 627 876 55 faces del Arco de la Paz con sus títulos de

319 683 870 67 gloria. Algunos de ellos bastarán para dar

314 743 470 55 una idea de los demás.

369 803 823 57 Urquiza, de Tucuman, ha descubierto el

314 862 505 56 remedio para la filoxera.

366 920 828 56 Samuel Platt, de Londres, ha legado para

314 980 875 55 los huérfanos de marineros muertos en el

316 1041 874 60 mar, una renta perpétua de 50 mil libras

314 1100 212 54 esterlinas.

366 1154 823 59 Marquerat, Nueve de Julio, ha connatu¬

314 1214 873 62 ralizado en la República Argentina el al¬

314 1276 875 55 cornoque y los gusanos de seda de la China.

369 1336 818 53 Espinosa, sacerdote Argentino, ha con¬

318 1391 872 55 vertido al Cristianismoy á la civilizacion,

318 1452 872 60 y atraido á la Pátria Argentina, treinta mil

314 1507 875 60 Indios asilados en las Cordilleras de los

313 1567 151 60 Andes.
