1458 1984
322 284 709 59 BUENOS AIRES EN EL AÑO 2080

666 411 32 63 I

292 517 821 55 El 15 de Octubre del año de gracia

243 578 865 55 2080, á las nueve de la mañana, Dn. Pe¬

243 633 867 59 dro, Gobernador de la Provincia de Colu¬

251 696 859 62 guape, en la Patagonia Central, recibió de

241 755 867 53 Buenos Aires el despacho telegráfico si¬

248 810 859 66 guiente:–"Ministro Obras Públicas es¬

246 872 732 65 pera esta noche á su hijo Enrique."

294 930 818 57 Dn. Pedro lamó á este, le echó su ben¬

243 987 341 66 dicion y le dijo:

287 1048 830 54 –Tienes veinticinco años, has descubierto

244 1109 871 54 cerca de la Rioja una mina de cobre que

243 1168 872 55 asegura tu fortuna, te he asociado á mis

244 1226 873 60 trabajos administrativos desde que saliste

246 1287 871 53 del Ateneo Argentino; es preciso ahora que

249 1349 876 59 viajes para completar tu instruccion, y que

246 1406 866 53 te cases para que seas virtuoso. El Minis-

246 1463 819 61 tro te llama, vé, y que Dios te bendiga.

294 1521 818 64 Pocos instantes despues, Enrique, segui¬

248 1582 867 58 do de Bonifacio, su fiel sirviente, y munido
