1686 2804
741 49 189 60 -16-

182 154 1363 53 Al leer esta carta, las lágrimas corrian por las mejillas del

133 203 322 54 Burgomaestre.

182 233 1368 63 Cuando su hija Luisa, ya esposa de Blagerdorff, se despedia, la

133 287 570 56 dijo estas palabras al oido:

201 336 1349 49 –Serás feliz, hija mia, porque hay algo grande y noble que

135 373 1413 59 vela por tí. Tendrás hijos, si obedeces, como todo el mundo, al

137 422 1415 54 automatismo orgánico;–yo seré el más feliz de los abuelos, ya que

135 469 1413 54 soy el más desgruciado de los primos–y cuando tenga un nieto,

133 509 1417 58 que serú mi gloria y mi encanto, yo sabré decirle, y si muero,

133 558 1417 54 diceselo tú:–Hijo mio, antes de esparcir los aromas que broten

133 600 1419 54 de tu corazon, examina con cuidado si no es un autómata la ce

135 647 435 61 pa que los recibe..

177 775 774 61 El lector tocurá los demás resortes.
