1686 2804
783 51 145 42 -5-

130 133 1425 63 el Párroco de la aldea, Kasper, Secretario del Burgomaestre, y

133 177 1422 70 su esposa, el Maestro de escuela, y el Director de la parada

133 226 1419 61 más próxima, con su señora, y, frente al dueño de casa, su com¬

135 268 1422 63 pañera.... he ahí el conjunto brillante, reunido en casa del Bur¬

130 317 239 56 gomaestre.

177 350 1380 75 Mi asiento no ha sido ocupado, y sólo consigo que nadie se

130 413 1008 51 mueva del suyo, tomando rapidamente aquel.

180 453 1372 65 –Vamos, Fritz,–me dice mi pariente, sonriendo con aire

126 497 1426 61 burlon–al fin, eh? ya creía que te quedabas rascando miserable¬

128 542 1424 67 mente ese violoncello infame, que te dá todo el aspecto de un

126 591 1024 56 zapo sentimental, cuando te sientas á su lado.

180 633 1375 65 –Está visto, pariente, que Vd. se empeña en detestar la

126 682 170 56 música.

187 717 1358 75 –Déjate de músicas, Fritz; la música no significa nada. Mira,

126 773 1419 61 esto es lo positivo, lo sólido, lo que puede digerirse bien, y esto!

130 820 1415 63 pásame tu copa, esto es Liebfrauenmilch, la mejor marca del

128 866 1422 56 Rhin, la gloria de Alemania y de los paladares como los de los

128 906 161 61 Dioses.

180 958 1368 53 –Muy bueno está; pero veo que he interrumpido una conver¬

123 1007 994 51 sacion interesante, talvez, y no quisiera....

175 1049 1373 58 –Nada de eso; es una de tantas preocupaciones de mi sobrino.

175 1091 309 53 –¿Cómo asi?

182 1140 1366 54 –Figúrate que pretende convencerme de que un hombre

123 1182 1041 63 puede perder su centro de gravedad: já! ja! já!

182 1233 1363 54 –Y porqué nó? si se le colocara, por ejemplo, en el punto en

121 1278 1352 53 que se neutralizan las atracciones de la Tierra y de la Luna.

182 1324 1361 47 –Ni he pensado en tal cosa,–interrumpió el Teniente Bla¬

123 1364 1036 63 gerdorff–¿no conoce Vd. á Horacio Kalibang?

175 1413 1370 52 –Un personaje de nombre muy parecido figura en La Tem¬

123 1453 522 68 pestad de Shakespeare.

180 1495 1356 68 –Eso es escaparse por la tangente,–observó el Mariscal,

126 1553 1412 49 tragando con fucilidad un enorme bocado;–¿conoce Vd. á Hora¬

123 1593 1415 56 cio Kalibang, el hombre que ha perdido su centro de gravedad?

121 1640 264 54 Sí ó nó....

184 1684 908 54 –Nó, señor Mariscal, ni espero conocerle.

173 1726 1365 56 –Es un prodigio de la fantasía de Hermann. Vamos! coliflor

128 1771 1408 56 y asado–eres un mentecato, sobrino; sirve vino al Mariscal.

128 1817 1406 59 Luisa, atiende, hija mia, al Sr. Mariscal.. Capitan! ¿quiere Vd. pa¬

126 1859 1410 61 sarme ese pollo que, no obstante la accion del fuego, salta en

128 1906 1408 59 la fuente, como si tambien hubiera perdido la gravedad? Fritz

128 1955 395 56 bebe, hijo, bebe."

177 1993 1221 65 –Gracias, pariente; no quisiera parecerme á Horacio..

175 2042 1359 58 –El Señor Kalibang!–interrumpió uno de los criados, en¬

126 2086 769 59 trando, espantado, en el aposento.

182 2124 1352 67 –Adelante! adelante!–exclamó el Burgomaestre, poniéndose

128 2177 1401 54 de pié, como ya lo estábamos todos, y dejándose caer luego en

130 2224 1305 54 un sillon, cual si una bala le hubiera herido los pulmones.

175 2271 615 53 Pero no había nada de eso.

182 2303 1340 66 El personaje que se presentaba en escena podría tener cinco

137 2348 1378 75 pies de altura, es decir 1 metro, 443 milímetros y formas pro¬

133 2392 1389 73 porcionadas. Su rostro carecía completamente de expresion, y

130 2437 1394 65 al verle, se diría que acababa de salir del molde de una fa¬

133 2483 1389 66 brica de curetas. Ni un solo movimiento de los párpados reve¬

133 2518 1391 73 laba las sensaciones que determina el cambio de luz, ó la va¬
