1686 2804
767 44 180 56 -14-

137 137 1408 49 echó á correr hácia la mesa, y trepándose sobre ella, se desarti¬

135 175 1413 56 culó uno de los brazos y lo lanzó sobre la cabeza del Burgo¬

137 219 1411 59 maestre autómata, que, irrirado ante aquel atrevimiento, pronun¬

135 273 407 49 ció estas palabras:

189 296 1363 68 –Donnerweter! Ich habe iln jetzt gefunden. Hé ahi lo que vamos

130 350 1418 65 á grabar en una lámina de oro, si el fabricante de automatas dice

130 399 1418 61 la verdad; las mismas que había dicho, en esa misma mañana,

128 439 877 56 cuando recibió la carta de Oscar Baum.

175 483 1380 66 Una escena terrible tuvo lugar entónces y comprendiendo mi

128 528 1427 70 pariente que era inútil luchar con aquellos muñecos feroces,

126 577 194 49 ne dijo:

180 619 1377 60 –Fritz, es necesario retirarnos, pues no sabemos hasta don¬

123 661 1429 63 de puede llegar la habilidad de estos energúmenos. Ahí que¬

123 710 1432 61 damos, batiéndonos en descomunal batalla. Si son ellos los au¬

126 757 1429 63 tómatas ó si lo somos nosotros, nó lo sé; pero te aseguro que

121 799 1436 70 cantan, bailan, gritan, saben y se baten con una habilidad tal,

123 852 903 52 que más parece natural que de resortes.

180 892 1379 61 Y ya nos retirábamos, cuando un autómata, más alto y fornido

121 939 971 56 que los otros, se acercó á la mesa y gritó:

170 981 1392 58 –Basta, señores! soy el más fuerte y tengo la razon;–si al¬

119 1028 1440 63 guno de vosotros me la niega, le partiré el cráneo, aunque la

119 1077 1436 60 tenga. No soy solamente el más autómata, soy la humanidad

119 1123 1440 64 entera y cuando la humanidad habla con la fuerza, la razon es el

121 1175 985 49 más despreciable de los juguetes de niños.

166 1215 1307 58 Aquel autómata era un bestia!...pero si era un autómata!

163 1261 618 56 La calma reinó en el salon.

173 1299 1393 67 –Ahora, Señor Burgomaestre Hipknock, ¿tiene Vd. alguna

112 1350 1450 61 duda respecto de la habilidad de nuestro constructor?–pre¬

114 1399 152 61 guntó.

212 1444 573 58 –Ninguna, señor, ninguna.

163 1493 957 51 –Tiene Vd. alguna pregunta que hacer?

163 1532 1401 61 –Oh! sí!.... ¿hace mucho tiempo que se han fabricado estos au¬

116 1581 195 59 tómatas?

166 1628 210 61 –Mucho!

166 1677 500 56 –Y están todos aquí?

166 1724 1403 56 –Nó;–hay algunos miles de ellos que andan rodando por el

114 1775 1443 52 mundo. Cuando se les acabe lo que Vds. llaman la cuerda, y

112 1817 1447 54 que nuestro constructor llama su habilidad, volverán á recibir

114 1871 1443 52 nueva fuerza y entónces, señor Burgomaestre, entónces,..... bue¬

116 1920 272 49 nas noches.

159 1948 883 66 Mi tio y yo nos miramos. Era lógico.

159 1995 1407 65 Entónces... entónces..... nos retiramos, complacidos de las mara¬

116 2058 1450 52 villas de que habíamos sido testigos, y terriblemente desagrada¬

112 2105 631 49 dos con estos pensamientos:

187 2135 996 66 –¿Será Fritz un atómata?–el Burgomaestre

163 2198 1022 47 –¿Será el Burgomaestre un autómata?–yo.

156 2229 1134 67 Al llegar á casa del primero, me despedí de él.

166 2287 848 54 –¿No nos acompañas á comer, Fritz?

156 2331 561 59 Pero ya estaba léjos.

795 2437 86 42 VII

156 2514 1399 61 Poco tiempo despues, la casa del Burgomaestre Hipknock

107 2563 1340 63 se llenaba de gente, para festejar un gran dia de familia.
