1686 2804
748 42 133 49 -12-

194 130 484 59 –Está Vd. disculpado.

205 177 1333 56 –La mecánica, Señor Burgomaestre, es una ciencia sin límites.

130 224 1413 51 cuyos principios pueden aplicarse no sólo á las construcciones

133 264 1412 53 ordinarias y á la interpretacion de los cielos, sinó tambien á todos

130 306 999 58 los fenómenos íntimos de la materia cerebral.

187 352 357 52 –Es mi opinion.

191 397 1357 53 –Qué es el cerebro, sinó una gran máquina, cuyos exquisitos

128 441 1417 52 resortes se mueven en virtud de impulsos mil y mil veces trans¬

126 486 1422 56 formados? ¿Qué es el alma, sino el conjunto de esas funciones

126 530 1422 56 mecánicas? La accion físico química del estímulo sanguíneo, la

126 572 1422 56 trasmision nerviosa, la idea, en su carácter imponderable é intan¬

128 621 1417 54 gible, no son sinó estados diversos de una misma materia, una y

126 665 1422 52 simple en sustancia, inmortal y eternamente indiferente, al obe¬

126 710 1426 51 decer á la fatalidad de sus permutaciones, que producen un infu¬

126 754 1422 68 sorio, un hongo, un reptil, un árbol, un hombre, un pensamiento,

126 808 156 44 en fin.

180 845 1375 52 –Todo eso está muy bueno, Señor Baum; pero yo deseo ver

123 892 1429 54 sus autómatas, porque se hace tarde. Soy materialista, y sus pala¬

126 934 893 59 bras no me causan espanto ni novedad.

173 979 1384 60 El Señor Baum se puso de pié y dirigiéndose á la puerta, llamó

121 1025 285 56 á un criado.

175 1074 1380 54 –Avise Vd. á los maquinistas, que el Señor Burgomaestre de¬

123 1123 863 57 sea que comiencen las manifestaciones.

177 1173 1380 51 Al instante una de las paredes del aposento se elevó como un

126 1212 1426 56 telon, y vimos, frente á nosotros, una gran sala, en la que no falta¬

126 1252 1349 63 ba nada: caballetes, pianos, flautas, fusiles, espadas, libros, etc.

173 1303 804 59 El Sr. Baum volvió á tomar asiento.

170 1348 423 56 –Música!..... Baile!

170 1401 1335 54 –Fritz! vas á salir tú de autómata,–me dijo el Burgomaestre.

173 1446 1386 54 Sonreí, porque aunque fuera cierto, mi pariente no sabía la que

126 1486 407 60 le estaba pasando.

177 1528 1380 63 Y así fué. Uno de los autómatas, con un violoncello en la ma¬

121 1588 1436 50 no izquierda y una silla en la derecha, se sentó en medio del sa¬

121 1626 1436 61 lon; pero, lo que más agradó á mi primo, fué que su cara y su

123 1680 660 51 cuerpo eran mi propio retrato.

168 1719 1389 59 El músico ejecutó con maestría una preciosa introduccion, des¬

123 1775 1436 54 pues de la cual, un pianista le acompañó de tal modo, que no

121 1815 634 59 pudimos menos de aplaudir.

170 1857 1389 59 Un tercer autómata se acercó al piano, y dando vuelta una de

121 1911 1436 51 las hojas del libro, la música continuó, agregando el canto,–y tan

121 1955 1436 54 hermosa fué la pieza que ejecutaron, que mi tio no sabía cómo

121 2002 1427 54 expresar su admiracion, al Señor Baum, que se mantenía callado

166 2046 575 57 Los músicos se retiraron.

168 2091 1389 58 En su lugar aparecieron dos hermosas niñas que, con traje de

116 2133 1443 61 ilusion y guirnaldas de flores, bailaron con tal gracia y soltura

121 2182 1436 61 El despertar de las Hadas, que músicos invisibles producian, que

121 2229 1436 70 yo mismo tuve tentaciones de lanzarme en medio de ellas para

121 2282 641 52 acompañarlas. Se retiraron.

170 2320 662 63 –¡Duelo! dijo el señor Baum.

166 2371 1391 56 Dos gallardos jóvenes entraron al salon, por puertas opues¬

121 2420 1436 54 tas, y despues de saludarse, cruzaron sus armas, y luego se detu¬

123 2469 459 54 vieron un momento.

177 2507 844 63 –Era tu destino morir en mis manos

180 2572 1096 45 –No tal, que la herida no es cierta en tus armas.
