1686 2804
386 489 869 68 Á JOSÉ MARÍA RAMOS MEJÍA

166 729 1387 54 Acabas de publicar un libro, delicia de los materialistas, adeptos de

124 791 1429 57 una escuela formidable, que vá derrumbando muchas informalidades

123 853 1430 52 de los que se glorifican de la estacion bipeda y de cierta tercera circun¬

124 911 868 59 voliucion en el lóbulo izquierdo del cerebro.

174 975 1382 54 Te miro, por ello, no ya con el cariño del antiguo amigo, sinó con

126 1035 1432 55 el respeto del discipulo, y me glorifico tanto más al dedicarte, como un

124 1099 1434 59 homenage, este juguete discutible, cuanto que pienso en el gran nú¬

124 1162 1435 51 mero de los que habrán escupido los venenos de su alma sobre tus pá¬

126 1224 288 58 ginas de luz.

165 1282 1391 54 Puedes creer en mi sinceridad y leer el Horacio Kalibang para con¬

123 1344 1439 54 vencerte. Los que solemos escribir obras de este género no dejamos de

124 1408 1438 60 dar á alguno de los personajes siquiera sea un rasgo de nuestro pro¬

126 1470 277 62 pio carácter.

791 1559 681 54 EDUARDO LADISLAO HOLMBERG.

222 1651 659 65 Buenos Aires, Enero de 1879.
