1686 2804
818 535 56 44 O

402 400 875 78 HORACIO KALIBANG

310 643 1064 81 LOS AUTOMATAS

818 863 46 43 I.

176 950 1375 50 –.... Es completamente falso,–dijo el Burgomaestre, Ilevando

134 996 1417 49 á sus lábios la copa verde, en la que su sobrino acababa de

134 1040 783 53 servirle el delicado vino del Rhin.

204 1084 1346 57 –¿Y lo creis fuera de los límites de lo concebible?–pregun¬

132 1134 570 49 tó Hermann, con malicia.

179 1176 1371 59 –Lo concebible! lo concebible! todo es concebible, sobrino, pero

130 1224 426 50 no todo es posible.

190 1269 1361 56 –Así he oido decir más de una vez; pero desde que conocí

130 1316 1421 48 el hecho, con su aterradora realidad, he llegado á comprender

134 1361 1413 48 que existen fenómenos extraños, que la ciencia humana no ex¬

132 1405 993 59 plica y que talvez no podrá nunca explicar.

183 1450 1277 57 –Tu opinion no es más que la de un niño de escuela.

177 1492 193 54 –Mi tio!

176 1540 1371 59 –Y qué? ¿Te imaginas, por ventura, que pueda ser otra cosa?

135 1585 1412 60 ¿Qué, sinó un mequetrefe, es el que niega las verdades revela¬

134 1635 1414 47 das al hombre por su contraccion y aplicacion incesantes al

134 1676 1414 57 estudio de la Naturaleza, aceptando una necedad, como la que

134 1722 1413 52 acabas de manifestar? ¿Crées, acaso, que mis canas son de ayer?

134 1766 1413 53 ¿Has pretendido sospechar que hablas con un religioso, fanático.

137 1813 1411 50 que vá á admitir tus preocupaciones á título de creencias ó de

137 1855 1411 54 fé? Nó, Hermann, nó; estás muy equivocado. Pero ¿porqué no

137 1898 1413 57 sirves al Mariscal? Y tú, Luisa, ¿has perdido el paladar, des¬

138 1947 1410 59 pues de lo que has oido? Kasper, pásame aquel jamon. Capi¬

140 1992 232 51 tan! Rhin?

182 2039 623 56 –Gracias; estoy servido ya.

183 2079 1364 53 –Mariscal ¿una tajada de jamon? Excelente, mi Mariscal; es

138 2127 1409 52 del mejor que se fabrica en Pomerania, con pechuga de ganso.

183 2169 1364 55 El Burgomaestre tenia razon. Era aquel un bocado exquisito,

141 2216 1406 59 que todos juzgaron con rigor, sin poder llegar á otro resultado

141 2260 1407 62 que el de declarar que era exquisito, con lo cual puede afec¬

143 2303 1404 61 tarse igualmente á una linda mujer y á un rico jamon de Pome¬

143 2353 132 49 rania.

188 2389 1359 64 Razon tendrá el lector, y mucha, para quejarse por la extra¬

151 2434 1396 67 ña introduccion que me he permitido regalarle, antes de haber¬

151 2476 1393 64 le presentado á Horacio Kalibang, con todo la solemnidad que
