1686 2804
748 42 156 60 — 8—

119 147 1407 51 que tiene un carácter incomparable..... insisto, tiene un carácter–

119 186 1412 61 es el mismo en presencia del Emperador y en preseneia de sus

121 236 173 49 amigos.

166 264 1370 70 Incapaz de cualquier indignidad, practica el bien en todas sus

116 317 1420 63 formas y asegura, no sé por que razon, que su mayor gloria es la

119 362 1417 63 de tener tantos enemigos, á los que, por cierto, no conoce ni de

121 404 1415 60 vista. Pero, en cambio, sus amigos son numerosos, y tanto más

119 453 1415 58 sinceros, cuanto que no necesitan de él, ni él de ellos. Si ataca,

119 495 1415 63 lo hace á cara descubierta, porque no es un cobarde, y si alaba,

119 539 1415 66 jamás lo hace con intencion de lucrar. Lo que ha dicho una vez,

119 584 1422 65 lo ha dicho porque tal era su opinion, y si esta se modifica, es

119 626 1181 67 por la fuerza de las razones, jamás por un capricho.

166 675 1377 63 No aspira á los altos puestos, porque no sabe qué haría en ellos;

116 722 1427 58 comprende que en la lucha por la vida todo sacrificio voluntario

119 768 1424 59 reclama recompensa doble y como vive contento y feliz con lo

116 815 1429 49 que tiene, su limite está en ello. Jamás diría al pueblo congre¬

119 855 1429 58 gado lo que no fuera su opinion, y tendría un verdadero disgusto

119 901 1429 61 en tener que decir del pueblo lo que no había dicho al pueblo.

119 946 1429 61 En ninguna de las ceremonias, en que ha tonado la palabra, se

119 993 1431 60 ha apartado nunca del centro en que gira todo su anhelo para la

121 1037 1424 58 humanidad. El trabajo sin descanso–dice–es el azote de los tira¬

116 1084 1434 63 nos. Trabajad, pues, y sereis libres y felices.–Y cuando algun

116 1133 1436 51 amigo le ha pedido su opinion respecto de gobierno, no ha vacilado

116 1180 1434 53 en contestar:–Los pueblos se forjan su gobierno–No hay mas de¬

121 1229 1434 51 recho divino que el del pueblo; los pueblos tienen, pues, el gobier¬

119 1273 1436 56 no que quieren ó el que merecen. Como la Providencia es un

119 1315 1436 56 mito, no se preocupa de ningun pueblo. Todas Ias formas de go¬

121 1359 1431 61 bierno son buenas, cuando los gobernantes no son unos tontos,

121 1411 1436 58 pero hay congregaciones que prefieren á tales gobernantes, para

119 1458 720 58 pantallas de sus maquinaciones.

166 1497 1393 56 No ama la demolicion cuando no sabe qué construir sobre las

119 1551 1300 51 ruinas formadas, ni cuando no vá á mejorar una situacion.

168 1593 1389 56 Por eso no ha querido, tomar parte, jamás, en propaganda al¬

116 1638 1441 63 guna de cuestion religiosa. Es materialista por la fatalidad de

116 1680 1441 63 las razones, pero no crée que exista pueblo alguno ateo, ni

116 1726 1439 59 que deba ó pueda existir.–Las sociedades científicas–dice–tie¬

116 1773 1436 58 nen derecho de ser la razon; el pueblo no tiene más derecho

116 1815 1441 68 que ser el sentimiento; para el sentimiento, hay Dios; para el

116 1871 819 54 sentimiento, hay un alma inmortal.

166 1913 1391 61 Hipknock figura en las listas de sócios de numerosas corpo¬

119 1969 1443 52 raciones ilustradas de Europa y de América, lo que prueba

119 2014 1438 53 que sus enemigos se equivocan. Los sábios que de cuando en

116 2053 1443 59 cuando pasan por el pueblo, le visitan con placer, porque es

116 2103 1443 56 ilustrado, y lo que es más, incansable para resolver una duda.

116 2145 1439 60 La ataca de mil maneras, la comprime, la estudia, la estruja,

119 2191 1438 66 y en este combate, que en muchas ocasiones ha dado á otros,

116 2240 1446 56 como resultado, una triste pérdida de tiempo, el Burgomaes¬

116 2280 1448 63 tre sale siempre victorioso. No cuadrará jamás el círculo, nó

119 2336 1445 61 porque sea ó nó cuadrable, sinó porque está persuadido de que

121 2376 1443 70 perdería su tiempo, que puede dedicar á sus obligaciones oficia¬

116 2427 1167 56 les, á su familia que ama, ó á sus tareas científicas.

166 2472 1396 58 En su lenguaje, en el seno de la intimidad, suele morder, pero

116 2521 1448 63 jamás hiere, porque estima, y cuando estima, es franco.–La

116 2563 1446 61 franqueza–dijo un dia á su antiguo amigo el viejo Mariscal,–es
