<?xml version="1.0" encoding="UTF-8"?>
<alto xmlns:xsi="http://www.w3.org/2001/XMLSchema-instance"
      xmlns="http://www.loc.gov/standards/alto/ns-v4#"
      xsi:schemaLocation="http://www.loc.gov/standards/alto/ns-v4# http://www.loc.gov/standards/alto/v4/alto-4-2.xsd">
  <Description>
    <MeasurementUnit>pixel</MeasurementUnit>
    <sourceImageInformation>
      <fileName>29432258.png</fileName>
    </sourceImageInformation>
  </Description>
  <Tags>
    <OtherTag ID="BT7" LABEL="CustomZone" DESCRIPTION="block type CustomZone"/><OtherTag ID="BT8" LABEL="DamageZone" DESCRIPTION="block type DamageZone"/><OtherTag ID="BT9" LABEL="DigitizationArtefactZone" DESCRIPTION="block type DigitizationArtefactZone"/><OtherTag ID="BT10" LABEL="DropCapitalZone" DESCRIPTION="block type DropCapitalZone"/><OtherTag ID="BT11" LABEL="GraphicZone" DESCRIPTION="block type GraphicZone"/><OtherTag ID="BT12" LABEL="MainZone" DESCRIPTION="block type MainZone"/><OtherTag ID="BT13" LABEL="MarginTextZone" DESCRIPTION="block type MarginTextZone"/><OtherTag ID="BT14" LABEL="MusicZone" DESCRIPTION="block type MusicZone"/><OtherTag ID="BT15" LABEL="NumberingZone" DESCRIPTION="block type NumberingZone"/><OtherTag ID="BT16" LABEL="QuireMarksZone" DESCRIPTION="block type QuireMarksZone"/><OtherTag ID="BT17" LABEL="QuireMarksZone" DESCRIPTION="block type QuireMarksZone"/><OtherTag ID="BT18" LABEL="RunningTitleZone" DESCRIPTION="block type RunningTitleZone"/><OtherTag ID="BT19" LABEL="SealZone" DESCRIPTION="block type SealZone"/><OtherTag ID="BT20" LABEL="StampZone" DESCRIPTION="block type StampZone"/><OtherTag ID="BT21" LABEL="TableZone" DESCRIPTION="block type TableZone"/><OtherTag ID="BT22" LABEL="TitlePageZone" DESCRIPTION="block type TitlePageZone"/><OtherTag ID="BT36" LABEL="NumberingZone:page" DESCRIPTION="block type NumberingZone:page"/><OtherTag ID="BT37" LABEL="NumberingZone:folio" DESCRIPTION="block type NumberingZone:folio"/>
    <OtherTag ID="LT7" LABEL="CustomLine" DESCRIPTION="line type CustomLine"/><OtherTag ID="LT8" LABEL="DefaultLine" DESCRIPTION="line type DefaultLine"/><OtherTag ID="LT9" LABEL="DropCapitalLine" DESCRIPTION="line type DropCapitalLine"/><OtherTag ID="LT10" LABEL="HeadingLine" DESCRIPTION="line type HeadingLine"/><OtherTag ID="LT11" LABEL="InterlinearLine" DESCRIPTION="line type InterlinearLine"/><OtherTag ID="LT12" LABEL="MusicLine" DESCRIPTION="line type MusicLine"/><OtherTag ID="LT14" LABEL="default" DESCRIPTION="line type default"/>
  </Tags>
  <Layout>
    <Page WIDTH="1579"
          HEIGHT="2663"
          PHYSICAL_IMG_NR="21"
          ID="eSc_dummypage_">
      <PrintSpace HPOS="0"
                  VPOS="0"
                  WIDTH="1579"
                  HEIGHT="2663">
        <TextBlock HPOS="797"
                   VPOS="107"
                   WIDTH="142"
                   HEIGHT="63"
                   ID="block_0"
                   TAGREFS="BT36">
          <Shape><Polygon POINTS="939 107 939 170 797 170 797 107"/></Shape>
          <TextLine ID="line_0"
                    TAGREFS="LT8"
                    BASELINE="802 150 933 153" 
                    HPOS="799"
                    VPOS="108"
                    WIDTH="133"
                    HEIGHT="67">
            <Shape><Polygon POINTS="912 108 890 108 868 108 846 108 823 108 801 108 801 148 799 173 928 175 932 150 930 108 912 108"/></Shape>
	    <String CONTENT="(22 )"
                    HPOS="799"
                    VPOS="108"
                    WIDTH="133"
                    HEIGHT="67"
                    WC="0.98695"></String>
          </TextLine>
        </TextBlock>
        <TextBlock HPOS="149"
                   VPOS="167"
                   WIDTH="1409"
                   HEIGHT="2186"
                   ID="block_1"
                   TAGREFS="BT12">
          <Shape><Polygon POINTS="1558 173 1558 2353 149 2353 149 167"/></Shape>
          <TextLine ID="line_1"
                    TAGREFS="LT8"
                    BASELINE="258 199 1552 202" 
                    HPOS="257"
                    VPOS="167"
                    WIDTH="1295"
                    HEIGHT="54">
            <Shape><Polygon POINTS="1500 167 1485 167 1470 167 1456 167 1441 167 1426 167 1411 167 1396 167 1382 167 1367 167 1352 167 1337 167 1322 167 1308 167 1293 167 1278 167 1277 167 1268 171 1256 167 1248 167 1234 167 1219 167 1204 167 1200 167 1173 170 1139 167 1130 167 1115 167 1101 167 1086 167 1078 167 1072 171 1069 173 936 173 933 171 920 167 908 167 893 167 879 167 864 167 849 167 844 167 816 170 815 170 784 167 775 167 760 167 745 167 731 167 716 167 707 167 702 170 692 167 686 167 671 167 657 167 649 167 642 170 640 171 574 171 572 170 568 167 553 167 538 167 523 167 509 170 506 170 504 170 498 167 494 167 479 167 464 167 451 167 435 170 429 170 424 170 405 167 390 167 375 167 361 167 346 167 331 167 316 167 301 167 294 167 258 168 258 199 257 211 438 220 439 220 879 214 920 221 921 221 1550 214 1552 202 1550 173 1506 167 1500 167"/></Shape>
	    <String CONTENT="Desde ese dia ya era yo feliz.... mi suerte no la habria"
                    HPOS="257"
                    VPOS="167"
                    WIDTH="1295"
                    HEIGHT="54"
                    WC="0.9909"></String>
          </TextLine>
          <TextLine ID="line_2"
                    TAGREFS="LT8"
                    BASELINE="159 248 1550 251" 
                    HPOS="159"
                    VPOS="204"
                    WIDTH="1391"
                    HEIGHT="72">
            <Shape><Polygon POINTS="159 269 279 264 319 269 355 273 356 273 358 273 367 269 375 264 383 269 389 273 390 273 392 273 393 275 454 275 454 273 455 273 473 269 489 264 503 269 516 273 517 273 519 273 520 273 534 269 544 264 757 264 797 267 880 275 881 275 1043 267 1044 267 1114 275 1115 275 1169 266 1176 266 1188 266 1293 275 1294 275 1354 266 1355 266 1357 266 1385 275 1386 275 1388 276 1490 276 1490 275 1549 264 1550 251 1549 217 1441 217 1439 215 1414 207 1413 207 1411 207 1355 213 1343 205 1342 205 1340 205 1339 205 1297 215 1293 215 1287 215 1216 205 1214 205 1164 214 1133 207 1132 207 1130 207 1129 207 1127 207 1115 214 1112 217 1028 217 1019 214 979 205 978 205 976 205 948 214 941 215 926 214 889 208 887 208 886 208 865 214 856 215 850 213 837 207 836 207 834 207 833 207 831 207 821 213 819 214 799 213 708 207 707 207 705 207 683 213 677 214 674 213 662 204 661 204 660 204 658 204 620 213 609 214 566 213 418 204 417 204 159 210 159 248"/></Shape>
	    <String CONTENT="cambiado por la del mas eminente monarca de la tierra; ¡po¬"
                    HPOS="159"
                    VPOS="204"
                    WIDTH="1391"
                    HEIGHT="72"></String>
          </TextLine>
          <TextLine ID="line_3"
                    TAGREFS="LT8"
                    BASELINE="158 300 1550 303" 
                    HPOS="156"
                    VPOS="258"
                    WIDTH="1394"
                    HEIGHT="67">
            <Shape><Polygon POINTS="158 300 156 313 233 323 235 323 236 323 267 316 380 323 381 323 451 316 473 323 475 323 476 325 695 325 695 323 734 316 879 325 880 325 916 318 1142 325 1143 325 1549 316 1550 303 1550 269 1533 260 1531 260 1530 260 1478 267 963 260 961 260 905 264 865 267 825 264 772 258 608 258 606 258 605 258 597 263 590 266 158 260 158 300"/></Shape>
	    <String CONTENT="bres cabezas coronadas, ninguna de ellas tiene el amor de"
                    HPOS="156"
                    VPOS="258"
                    WIDTH="1394"
                    HEIGHT="67"
                    WC="0.98955"></String>
          </TextLine>
          <TextLine ID="line_4"
                    TAGREFS="LT8"
                    BASELINE="158 350 1550 353" 
                    HPOS="156"
                    VPOS="315"
                    WIDTH="1394"
                    HEIGHT="59">
            <Shape><Polygon POINTS="158 350 156 366 1547 374 1550 353 1549 325 899 316 898 316 862 323 855 323 842 322 754 315 753 315 683 322 682 322 680 322 646 315 645 315 643 315 614 322 612 322 609 322 543 315 541 315 482 322 477 322 475 322 446 315 445 315 443 315 442 315 418 322 415 322 414 322 384 315 383 315 381 315 158 321 158 350"/></Shape>
	    <String CONTENT="una Julia! el aire que ellas respiran es mucho menos puro"
                    HPOS="156"
                    VPOS="315"
                    WIDTH="1394"
                    HEIGHT="59"
                    WC="0.9939272727272728"></String>
          </TextLine>
          <TextLine ID="line_5"
                    TAGREFS="LT8"
                    BASELINE="155 402 1550 405" 
                    HPOS="155"
                    VPOS="358"
                    WIDTH="1395"
                    HEIGHT="65">
            <Shape><Polygon POINTS="155 402 155 423 1549 418 1550 405 1549 371 1503 359 1502 359 1500 359 1473 369 1340 359 1339 359 1337 359 1336 359 1320 369 1318 371 1280 371 1278 369 1257 359 1256 359 1254 359 1253 359 1234 369 1231 369 1177 359 1176 359 1175 359 1148 369 1145 369 1140 369 1089 359 1087 359 1015 368 978 362 976 362 975 362 973 362 963 368 961 369 932 368 742 358 654 358 652 358 651 358 623 368 620 369 503 369 492 366 435 358 349 358 347 358 346 358 319 366 313 368 307 366 279 358 278 358 276 358 155 365 155 402"/></Shape>
	    <String CONTENT="que aquel de que yo disfruto;..... Julia no tenia celos, ella"
                    HPOS="155"
                    VPOS="358"
                    WIDTH="1395"
                    HEIGHT="65"
                    WC="0.9756818181818182"></String>
          </TextLine>
          <TextLine ID="line_6"
                    TAGREFS="LT8"
                    BASELINE="156 452 1552 455" 
                    HPOS="155"
                    VPOS="409"
                    WIDTH="1397"
                    HEIGHT="68">
            <Shape><Polygon POINTS="156 452 155 466 355 476 356 476 435 468 442 468 445 468 466 476 467 476 469 477 676 477 676 476 702 471 717 468 766 471 856 477 858 477 920 473 960 470 994 473 1032 477 1034 477 1035 477 1044 474 1055 470 1549 477 1552 455 1550 421 1484 411 1482 411 1481 411 1456 420 1379 411 1377 411 1376 411 1374 411 1361 420 1359 421 1216 421 1213 420 1177 411 1176 411 1175 411 1173 411 1152 420 1151 420 1146 420 1081 411 1080 411 1078 411 1077 411 1064 420 1062 421 957 421 944 420 833 409 831 409 830 409 791 418 728 409 634 409 633 409 631 409 602 418 600 418 563 409 562 409 560 409 517 418 516 418 513 418 472 409 470 409 156 417 156 452"/></Shape>
	    <String CONTENT="estaba bien convencida de que ella era el unico ser que sobre"
                    HPOS="155"
                    VPOS="409"
                    WIDTH="1397"
                    HEIGHT="68"
                    WC="0.9934916666666667"></String>
          </TextLine>
          <TextLine ID="line_7"
                    TAGREFS="LT8"
                    BASELINE="155 505 1552 504" 
                    HPOS="153"
                    VPOS="461"
                    WIDTH="1399"
                    HEIGHT="59">
            <Shape><Polygon POINTS="155 505 155 520 1550 520 1552 504 1549 471 1431 463 1429 463 1346 470 1333 470 1322 470 1260 461 1259 461 1257 461 1232 468 1226 471 1102 471 1093 468 1071 461 1069 461 1068 461 1037 467 1024 470 994 467 947 463 945 463 865 467 788 470 750 466 711 461 710 461 708 461 698 466 686 470 628 466 584 461 583 461 544 464 483 470 457 464 445 461 443 461 442 461 153 461 155 505"/></Shape>
	    <String CONTENT="la tierra yo amaba; tampoco me los daba, no ignoraba que"
                    HPOS="153"
                    VPOS="461"
                    WIDTH="1399"
                    HEIGHT="59"
                    WC="0.9801545454545455"></String>
          </TextLine>
          <TextLine ID="line_8"
                    TAGREFS="LT8"
                    BASELINE="156 554 1552 557" 
                    HPOS="155"
                    VPOS="517"
                    WIDTH="1397"
                    HEIGHT="64">
            <Shape><Polygon POINTS="156 554 155 569 190 578 192 578 193 578 216 571 220 569 226 571 260 578 261 578 384 571 423 569 435 571 464 578 466 578 510 572 522 571 544 572 627 578 628 578 630 578 643 572 652 569 670 572 698 578 699 578 750 574 776 571 790 574 813 578 815 578 816 578 833 574 847 569 864 574 876 576 877 576 879 576 932 574 972 572 976 574 984 579 985 579 987 579 988 579 1028 575 1047 572 1052 575 1062 579 1064 579 1065 581 1151 581 1151 579 1179 575 1209 571 1549 576 1552 557 1549 517 156 517 156 554"/></Shape>
	    <String CONTENT="un acto de celos que ella me diese.... podria cortarme la vi¬"
                    HPOS="155"
                    VPOS="517"
                    WIDTH="1397"
                    HEIGHT="64"
                    WC="0.9829166666666667"></String>
          </TextLine>
          <TextLine ID="line_9"
                    TAGREFS="LT8"
                    BASELINE="156 608 1553 608" 
                    HPOS="156"
                    VPOS="568"
                    WIDTH="1397"
                    HEIGHT="65">
            <Shape><Polygon POINTS="156 608 156 622 297 622 300 622 316 631 318 631 319 631 368 624 377 622 395 624 482 631 483 631 525 624 540 622 578 625 668 631 670 631 722 625 744 624 751 625 768 631 769 631 771 631 772 631 790 627 799 624 806 627 816 631 818 631 819 633 936 633 936 631 938 631 939 631 945 627 954 622 967 628 976 631 978 631 979 633 1133 633 1133 631 1135 631 1136 631 1139 628 1151 622 1552 631 1553 608 1552 574 1432 578 1398 572 1371 568 1370 568 1368 568 1352 572 1330 578 1235 572 1176 568 1175 568 1173 568 1164 571 1148 578 1130 571 1121 568 1120 568 1047 568 1046 568 1015 571 958 576 948 571 945 568 944 568 942 568 868 568 867 568 865 568 861 571 844 579 744 579 728 571 726 571 725 571 723 571 722 571 710 579 473 579 461 571 460 571 458 571 457 571 429 576 403 568 402 568 401 568 324 568 322 568 321 568 319 568 301 579 226 579 156 568 156 608"/></Shape>
	    <String CONTENT="da.... ¿ni tampoco como tenerlos? ¿podria ella apreciar esos"
                    HPOS="156"
                    VPOS="568"
                    WIDTH="1397"
                    HEIGHT="65"></String>
          </TextLine>
          <TextLine ID="line_10"
                    TAGREFS="LT8"
                    BASELINE="156 656 1552 659" 
                    HPOS="155"
                    VPOS="615"
                    WIDTH="1397"
                    HEIGHT="65">
            <Shape><Polygon POINTS="156 656 155 671 901 680 902 680 1550 673 1552 659 1550 628 1447 616 1445 616 1379 624 1337 616 1336 616 1334 616 1333 616 1318 627 1317 627 1311 627 1253 616 1251 616 1250 616 1226 625 1223 627 1220 625 1192 616 1191 616 1189 616 1129 625 1117 627 1111 625 1087 616 1086 616 1084 616 1083 616 1061 625 1055 627 1047 625 1029 619 1028 619 1027 619 1025 619 1024 619 1016 625 1010 628 856 628 840 624 800 615 799 615 797 615 773 622 704 615 702 615 667 622 655 625 648 622 630 615 628 615 547 615 546 615 544 615 543 615 532 622 526 625 482 622 417 616 415 616 414 616 398 621 384 627 322 627 313 621 304 615 303 615 301 615 300 615 156 619 156 656"/></Shape>
	    <String CONTENT="ruidos sordos y descompasados con que los hombres acostum¬"
                    HPOS="155"
                    VPOS="615"
                    WIDTH="1397"
                    HEIGHT="65"></String>
          </TextLine>
          <TextLine ID="line_11"
                    TAGREFS="LT8"
                    BASELINE="156 708 1549 711" 
                    HPOS="156"
                    VPOS="665"
                    WIDTH="1393"
                    HEIGHT="67">
            <Shape><Polygon POINTS="156 708 156 724 794 724 802 724 887 732 889 732 1547 724 1549 711 1549 679 1524 670 1522 670 1521 670 1519 670 1518 670 1506 677 1204 670 1203 670 1135 674 1086 677 1072 674 1061 670 1059 670 1058 670 1015 673 961 677 953 673 947 670 945 670 944 670 855 671 671 676 620 670 599 667 597 667 596 667 591 668 581 674 553 668 541 667 540 667 538 667 531 668 512 673 156 665 156 708"/></Shape>
	    <String CONTENT="bran ofender los oidos castos de las virgenes mas puras...."
                    HPOS="156"
                    VPOS="665"
                    WIDTH="1393"
                    HEIGHT="67"
                    WC="0.9983"></String>
          </TextLine>
          <TextLine ID="line_12"
                    TAGREFS="LT8"
                    BASELINE="158 757 1552 760" 
                    HPOS="156"
                    VPOS="716"
                    WIDTH="1396"
                    HEIGHT="71">
            <Shape><Polygon POINTS="158 757 156 773 261 784 263 785 519 785 519 784 520 784 551 775 553 775 554 775 627 784 628 784 630 784 662 776 828 784 830 784 831 784 852 775 871 785 873 785 874 787 1035 787 1035 785 1037 785 1058 776 1090 785 1092 785 1093 787 1220 787 1220 785 1222 785 1260 776 1385 785 1386 785 1441 776 1460 785 1462 785 1463 785 1550 775 1552 760 1552 727 1515 717 1513 717 1435 717 1433 717 1432 717 1431 717 1417 726 1416 726 1374 717 1373 717 1371 717 1339 726 1337 726 1334 726 1314 719 1312 719 1311 719 1222 724 1204 726 1201 724 1180 717 1179 717 1177 717 1139 724 1129 727 1032 727 1028 724 1018 717 1016 717 1015 717 1013 717 981 724 969 726 879 723 660 716 658 716 158 719 158 757"/></Shape>
	    <String CONTENT="cuando tienen por aliciente el prestijio seductor de la belle¬"
                    HPOS="156"
                    VPOS="716"
                    WIDTH="1396"
                    HEIGHT="71"></String>
          </TextLine>
          <TextLine ID="line_13"
                    TAGREFS="LT8"
                    BASELINE="156 812 1553 812" 
                    HPOS="156"
                    VPOS="773"
                    WIDTH="1397"
                    HEIGHT="62">
            <Shape><Polygon POINTS="156 812 156 828 1496 835 1497 835 1553 827 1553 812 1553 782 1226 773 1225 773 1166 779 1117 784 1077 778 1038 773 1037 773 1035 773 1019 778 1000 784 950 778 913 773 911 773 889 778 853 785 565 785 531 775 523 773 522 773 520 773 507 775 454 784 403 775 396 773 395 773 387 775 341 784 291 773 287 773 285 773 282 773 247 781 156 773 156 812"/></Shape>
	    <String CONTENT="za? ¿ignoraba ella acaso que ese incienso era insultante, que"
                    HPOS="156"
                    VPOS="773"
                    WIDTH="1397"
                    HEIGHT="62"
                    WC="0.97233"></String>
          </TextLine>
          <TextLine ID="line_14"
                    TAGREFS="LT8"
                    BASELINE="156 863 1552 861" 
                    HPOS="155"
                    VPOS="818"
                    WIDTH="1397"
                    HEIGHT="62">
            <Shape><Polygon POINTS="156 863 156 880 1550 877 1552 861 1549 829 1429 821 1428 821 1396 828 1392 829 1194 829 1189 827 1170 818 1169 818 1167 818 1166 818 1148 827 1143 829 1019 829 976 825 880 818 879 818 813 824 759 829 728 824 710 821 708 821 688 824 648 829 618 824 600 819 503 819 501 819 483 822 445 829 432 822 429 819 427 819 426 819 343 819 341 819 340 819 338 819 335 821 321 831 227 831 213 821 211 819 210 819 208 819 207 819 155 819 156 863"/></Shape>
	    <String CONTENT="ese perfume se habia ya quemado en mas de un altar profa¬"
                    HPOS="155"
                    VPOS="818"
                    WIDTH="1397"
                    HEIGHT="62"></String>
          </TextLine>
          <TextLine ID="line_15"
                    TAGREFS="LT8"
                    BASELINE="156 915 1555 912" 
                    HPOS="155"
                    VPOS="874"
                    WIDTH="1400"
                    HEIGHT="58">
            <Shape><Polygon POINTS="156 915 156 930 1552 932 1555 912 1547 874 155 874 156 915"/></Shape>
	    <String CONTENT="no, ante el atrio pestilente de la infamia? ¿podia ella, con un"
                    HPOS="155"
                    VPOS="874"
                    WIDTH="1400"
                    HEIGHT="58"></String>
          </TextLine>
          <TextLine ID="line_16"
                    TAGREFS="LT8"
                    BASELINE="156 961 1555 964" 
                    HPOS="155"
                    VPOS="927"
                    WIDTH="1400"
                    HEIGHT="61">
            <Shape><Polygon POINTS="156 961 155 976 247 985 248 985 661 980 842 979 849 982 861 986 862 986 864 988 1553 988 1555 964 1549 929 156 927 156 961"/></Shape>
	    <String CONTENT="talento tan sublime, preferir ese reptil despreciable, á la amis¬"
                    HPOS="155"
                    VPOS="927"
                    WIDTH="1400"
                    HEIGHT="61"></String>
          </TextLine>
          <TextLine ID="line_17"
                    TAGREFS="LT8"
                    BASELINE="156 1014 1550 1017" 
                    HPOS="155"
                    VPOS="971"
                    WIDTH="1395"
                    HEIGHT="66">
            <Shape><Polygon POINTS="156 1014 155 1028 1547 1037 1550 1017 1549 982 1445 973 1444 973 1083 977 855 980 837 976 827 973 825 973 824 973 790 976 745 979 736 974 729 971 728 971 726 971 680 974 621 979 547 973 512 971 510 971 509 971 503 973 485 979 476 973 475 971 473 971 472 971 156 971 156 1014"/></Shape>
	    <String CONTENT="tad pura, cariñosa, respetuosa y eterna de Artur?.... oh! no!...."
                    HPOS="155"
                    VPOS="971"
                    WIDTH="1395"
                    HEIGHT="66"
                    WC="0.99582"></String>
          </TextLine>
          <TextLine ID="line_18"
                    TAGREFS="LT8"
                    BASELINE="156 1068 1556 1068" 
                    HPOS="156"
                    VPOS="1022"
                    WIDTH="1400"
                    HEIGHT="63">
            <Shape><Polygon POINTS="156 1068 156 1082 1555 1085 1556 1068 1556 1032 1496 1022 1494 1022 1413 1031 1410 1032 1092 1032 1084 1031 1043 1023 1041 1023 1040 1023 1016 1029 1012 1031 1010 1029 998 1022 997 1022 995 1022 994 1022 948 1029 938 1032 802 1032 794 1029 769 1022 768 1022 655 1022 654 1022 652 1022 639 1029 634 1031 628 1029 608 1022 606 1022 605 1022 528 1028 494 1031 469 1028 417 1022 415 1022 414 1022 401 1028 395 1031 383 1028 361 1022 359 1022 358 1022 156 1026 156 1068"/></Shape>
	    <String CONTENT="Julia tenia mucho talento para que tal cosa sucediera, Julia"
                    HPOS="156"
                    VPOS="1022"
                    WIDTH="1400"
                    HEIGHT="63"
                    WC="0.99293"></String>
          </TextLine>
          <TextLine ID="line_19"
                    TAGREFS="LT8"
                    BASELINE="161 1118 1555 1118" 
                    HPOS="161"
                    VPOS="1075"
                    WIDTH="1394"
                    HEIGHT="67">
            <Shape><Polygon POINTS="161 1118 161 1133 439 1133 440 1133 457 1140 458 1140 460 1140 597 1134 633 1133 642 1134 670 1140 671 1140 782 1134 828 1133 839 1134 861 1140 862 1140 864 1140 890 1136 902 1133 905 1136 913 1140 914 1140 916 1140 917 1142 1041 1142 1041 1140 1043 1140 1053 1136 1061 1133 1068 1136 1077 1140 1078 1140 1080 1140 1555 1137 1555 1118 1552 1084 1499 1075 1497 1075 1496 1075 1473 1084 1472 1085 1322 1085 1320 1082 1300 1075 1299 1075 1297 1075 1262 1082 1253 1084 1222 1082 1138 1077 1136 1077 1135 1077 1118 1081 1109 1085 880 1085 846 1079 822 1077 821 1077 802 1079 768 1084 728 1078 699 1075 698 1075 697 1075 688 1078 677 1082 600 1078 554 1075 553 1075 535 1077 500 1082 489 1077 488 1075 486 1075 485 1075 161 1075 161 1118"/></Shape>
	    <String CONTENT="veia cifrada toda mi vida en su amor, sabia que un desaire"
                    HPOS="161"
                    VPOS="1075"
                    WIDTH="1394"
                    HEIGHT="67"
                    WC="0.9794416666666667"></String>
          </TextLine>
          <TextLine ID="line_20"
                    TAGREFS="LT8"
                    BASELINE="159 1170 1513 1167" 
                    HPOS="158"
                    VPOS="1124"
                    WIDTH="1355"
                    HEIGHT="68">
            <Shape><Polygon POINTS="159 1170 159 1185 762 1192 763 1192 788 1187 809 1185 821 1187 833 1192 834 1192 836 1192 862 1189 899 1183 942 1189 960 1190 961 1190 981 1189 1038 1183 1246 1190 1277 1190 1278 1190 1280 1190 1281 1190 1296 1183 1510 1190 1513 1167 1509 1125 1431 1133 1396 1125 1389 1124 1388 1124 1386 1124 1382 1125 1357 1134 1031 1134 1010 1127 1007 1125 1006 1125 1004 1125 997 1127 966 1133 884 1127 859 1125 858 1125 816 1127 668 1134 535 1128 448 1124 446 1124 158 1128 159 1170"/></Shape>
	    <String CONTENT="suyo podia sepultarme.... Julia en fin.... ya me conocia!!"
                    HPOS="158"
                    VPOS="1124"
                    WIDTH="1355"
                    HEIGHT="68"
                    WC="0.9731"></String>
          </TextLine>
          <TextLine ID="line_21"
                    TAGREFS="LT8"
                    BASELINE="261 1222 1556 1219" 
                    HPOS="260"
                    VPOS="1179"
                    WIDTH="1296"
                    HEIGHT="56">
            <Shape><Polygon POINTS="261 1222 261 1235 1555 1233 1556 1219 1553 1183 260 1179 261 1222"/></Shape>
	    <String CONTENT="Tal era, Carlos mio, mi vida, y no es de estrañar por"
                    HPOS="260"
                    VPOS="1179"
                    WIDTH="1296"
                    HEIGHT="56"
                    WC="0.9885166666666667"></String>
          </TextLine>
          <TextLine ID="line_22"
                    TAGREFS="LT8"
                    BASELINE="156 1272 1555 1272" 
                    HPOS="156"
                    VPOS="1226"
                    WIDTH="1399"
                    HEIGHT="69">
            <Shape><Polygon POINTS="156 1272 156 1285 282 1294 284 1294 367 1287 381 1287 402 1288 501 1294 503 1294 559 1288 583 1287 615 1288 683 1294 685 1294 686 1294 704 1290 716 1287 741 1290 776 1294 778 1294 813 1290 844 1287 864 1291 883 1294 884 1295 1555 1295 1555 1272 1549 1236 1505 1227 1503 1227 1453 1236 1450 1236 1447 1236 1413 1226 1411 1226 1410 1226 1351 1235 1340 1236 1314 1235 1167 1226 1166 1226 1129 1233 1112 1236 1081 1233 1041 1229 1040 1229 951 1232 836 1236 806 1230 781 1226 779 1226 778 1226 760 1230 735 1236 637 1229 603 1227 602 1227 586 1229 522 1236 485 1227 479 1227 477 1227 472 1227 440 1235 424 1227 420 1226 418 1226 156 1226 156 1272"/></Shape>
	    <String CONTENT="cierto que me pareciese dulce.... amado de Julia, querido del"
                    HPOS="156"
                    VPOS="1226"
                    WIDTH="1399"
                    HEIGHT="69"
                    WC="0.98706"></String>
          </TextLine>
          <TextLine ID="line_23"
                    TAGREFS="LT8"
                    BASELINE="158 1324 1555 1319" 
                    HPOS="156"
                    VPOS="1278"
                    WIDTH="1399"
                    HEIGHT="69">
            <Shape><Polygon POINTS="158 1324 161 1347 179 1337 368 1337 383 1346 384 1346 386 1346 387 1346 417 1346 634 1335 702 1343 720 1344 722 1344 723 1344 726 1343 741 1335 825 1341 862 1344 864 1344 881 1341 908 1337 995 1340 1086 1344 1087 1344 1089 1344 1090 1344 1096 1340 1106 1334 1127 1340 1139 1343 1140 1343 1142 1343 1553 1335 1555 1319 1549 1290 1490 1290 1473 1279 1472 1279 1470 1279 1469 1279 1468 1279 1439 1290 1438 1290 1431 1290 1342 1282 1340 1282 1339 1282 1325 1290 1322 1291 1163 1291 1155 1288 1124 1278 1123 1278 1121 1278 1081 1287 1064 1293 927 1293 902 1287 868 1279 867 1279 763 1281 762 1281 748 1285 735 1290 711 1285 680 1279 679 1279 534 1281 532 1281 526 1284 517 1288 479 1284 454 1281 452 1281 439 1284 396 1293 156 1282 158 1324"/></Shape>
	    <String CONTENT="anciano, apreciado de su familia.... ¿que mas podria yo ape¬"
                    HPOS="156"
                    VPOS="1278"
                    WIDTH="1399"
                    HEIGHT="69"></String>
          </TextLine>
          <TextLine ID="line_24"
                    TAGREFS="LT8"
                    BASELINE="162 1372 1556 1372" 
                    HPOS="162"
                    VPOS="1330"
                    WIDTH="1394"
                    HEIGHT="59">
            <Shape><Polygon POINTS="162 1372 162 1389 1556 1389 1556 1372 1556 1340 1428 1330 1426 1330 1425 1330 1399 1338 1396 1340 1311 1340 1308 1337 1294 1330 1293 1330 1291 1330 1290 1330 1251 1337 1243 1338 1222 1337 1155 1331 1154 1331 1047 1335 988 1338 933 1335 847 1330 846 1330 793 1334 747 1338 717 1334 689 1330 688 1330 668 1334 646 1338 520 1332 448 1330 446 1330 424 1332 375 1338 365 1331 362 1330 361 1330 359 1330 358 1330 328 1331 256 1337 162 1331 162 1372"/></Shape>
	    <String CONTENT="tecer sobre la tierra? yo, á quien el conocimiento de la desgra¬"
                    HPOS="162"
                    VPOS="1330"
                    WIDTH="1394"
                    HEIGHT="59"
                    WC="0.974125"></String>
          </TextLine>
          <TextLine ID="line_25"
                    TAGREFS="LT8"
                    BASELINE="161 1426 1556 1426" 
                    HPOS="161"
                    VPOS="1380"
                    WIDTH="1395"
                    HEIGHT="69">
            <Shape><Polygon POINTS="161 1426 161 1439 433 1448 435 1448 559 1442 624 1439 671 1442 739 1448 741 1448 846 1443 950 1439 985 1443 1012 1448 1013 1448 1037 1445 1071 1439 1098 1445 1114 1448 1115 1449 1272 1449 1272 1448 1287 1446 1324 1439 1336 1446 1337 1448 1339 1448 1340 1448 1342 1448 1555 1446 1556 1426 1553 1380 1470 1390 1262 1390 1207 1380 1206 1380 1204 1380 1182 1390 975 1390 904 1380 902 1380 744 1389 713 1380 711 1380 710 1380 655 1389 642 1380 640 1380 639 1380 594 1380 593 1380 535 1389 513 1380 512 1380 411 1380 409 1380 408 1380 406 1380 392 1390 349 1390 327 1381 325 1381 161 1380 161 1426"/></Shape>
	    <String CONTENT="cia hacia apreciar en su justo valor los sucesos felices de la vida!"
                    HPOS="161"
                    VPOS="1380"
                    WIDTH="1395"
                    HEIGHT="69"
                    WC="0.943023076923077"></String>
          </TextLine>
          <TextLine ID="line_26"
                    TAGREFS="LT8"
                    BASELINE="257 1480 1556 1476" 
                    HPOS="256"
                    VPOS="1432"
                    WIDTH="1300"
                    HEIGHT="63">
            <Shape><Polygon POINTS="257 1480 257 1491 1553 1495 1556 1476 1555 1442 1522 1433 1521 1433 1519 1433 1518 1433 1516 1433 1506 1442 1496 1442 1248 1442 1247 1440 1222 1432 1220 1432 1219 1432 1115 1440 1083 1443 1006 1443 1001 1439 992 1433 991 1433 990 1433 988 1433 987 1433 972 1439 966 1443 861 1443 842 1439 800 1432 799 1432 753 1439 728 1442 702 1439 683 1436 682 1436 680 1436 679 1436 676 1439 668 1443 658 1438 646 1433 645 1433 643 1433 256 1436 257 1480"/></Shape>
	    <String CONTENT="Quince dias se habian pasado desde nuestro contrato ci¬"
                    HPOS="256"
                    VPOS="1432"
                    WIDTH="1300"
                    HEIGHT="63"
                    WC="0.9712333333333334"></String>
          </TextLine>
          <TextLine ID="line_27"
                    TAGREFS="LT8"
                    BASELINE="162 1528 1558 1528" 
                    HPOS="162"
                    VPOS="1483"
                    WIDTH="1396"
                    HEIGHT="58">
            <Shape><Polygon POINTS="162 1528 162 1540 1555 1541 1558 1528 1553 1491 1525 1483 1524 1483 1522 1483 1521 1483 1493 1491 1493 1492 1386 1492 1385 1491 1374 1483 1373 1483 1371 1483 1370 1483 1368 1483 1367 1483 1357 1491 1355 1491 1336 1491 1210 1483 1209 1483 1152 1489 1132 1491 1127 1489 1117 1483 1115 1483 1114 1483 1112 1483 1099 1489 1093 1491 1086 1489 1069 1483 1068 1483 1066 1483 1034 1488 1018 1491 1000 1488 970 1483 969 1483 967 1483 950 1488 936 1492 704 1492 609 1485 563 1483 562 1483 535 1485 464 1491 446 1485 442 1483 440 1483 162 1483 162 1528"/></Shape>
	    <String CONTENT="vil y cada uno de ellos me parecia el mas bello, cada uno"
                    HPOS="162"
                    VPOS="1483"
                    WIDTH="1396"
                    HEIGHT="58"
                    WC="0.9897"></String>
          </TextLine>
          <TextLine ID="line_28"
                    TAGREFS="LT8"
                    BASELINE="158 1580 1555 1577" 
                    HPOS="156"
                    VPOS="1532"
                    WIDTH="1399"
                    HEIGHT="71">
            <Shape><Polygon POINTS="158 1580 158 1593 316 1600 318 1600 319 1600 321 1600 330 1594 332 1593 454 1593 463 1594 500 1602 501 1602 554 1594 569 1593 581 1594 621 1602 623 1602 677 1594 695 1593 708 1594 744 1602 745 1603 745 1602 781 1594 794 1593 834 1594 917 1600 918 1600 920 1600 933 1596 944 1591 978 1596 1019 1600 1021 1600 1553 1596 1555 1577 1549 1541 1503 1534 1502 1534 1500 1534 1478 1541 1417 1534 1416 1534 1414 1534 1396 1543 1235 1543 1183 1532 1182 1532 1180 1532 1179 1532 1164 1543 1066 1543 1021 1532 1019 1532 960 1540 901 1532 899 1532 855 1543 850 1543 847 1543 807 1534 806 1534 805 1534 785 1543 784 1543 776 1543 722 1535 720 1535 719 1535 692 1543 689 1543 686 1543 662 1534 661 1534 660 1534 344 1543 309 1543 306 1543 273 1534 272 1534 270 1534 214 1543 210 1543 207 1543 179 1534 177 1534 176 1534 174 1534 156 1540 158 1580"/></Shape>
	    <String CONTENT="de ellos me reproducia las mas perfectas imajenes de una fe¬"
                    HPOS="156"
                    VPOS="1532"
                    WIDTH="1399"
                    HEIGHT="71"
                    WC="0.9801454545454545"></String>
          </TextLine>
          <TextLine ID="line_29"
                    TAGREFS="LT8"
                    BASELINE="158 1633 531 1628" 
                    HPOS="156"
                    VPOS="1580"
                    WIDTH="375"
                    HEIGHT="68">
            <Shape><Polygon POINTS="406 1580 393 1580 378 1580 364 1580 358 1580 356 1580 355 1580 353 1580 338 1588 332 1593 315 1588 288 1583 287 1583 156 1584 158 1633 158 1643 495 1648 497 1648 498 1648 531 1639 531 1628 528 1594 479 1594 477 1593 469 1584 467 1584 466 1584 464 1584 463 1584 440 1591 439 1591 408 1580 406 1580"/></Shape>
	    <String CONTENT="licidad posible."
                    HPOS="156"
                    VPOS="1580"
                    WIDTH="375"
                    HEIGHT="68"
                    WC="0.95465"></String>
          </TextLine>
          <TextLine ID="line_30"
                    TAGREFS="LT8"
                    BASELINE="260 1683 1558 1680" 
                    HPOS="258"
                    VPOS="1630"
                    WIDTH="1300"
                    HEIGHT="74">
            <Shape><Polygon POINTS="260 1683 260 1693 624 1693 631 1696 640 1702 642 1702 643 1702 645 1704 753 1704 753 1702 754 1702 756 1702 763 1696 769 1693 895 1698 988 1701 990 1701 1028 1698 1121 1692 1222 1699 1244 1701 1246 1701 1247 1701 1251 1699 1274 1692 1291 1699 1293 1701 1294 1701 1296 1702 1556 1702 1558 1680 1552 1642 1256 1642 1253 1640 1219 1630 1217 1630 1216 1630 1035 1631 1034 1631 1004 1639 997 1640 990 1639 948 1630 947 1630 896 1639 876 1643 818 1643 809 1639 796 1631 794 1631 793 1631 754 1639 741 1640 732 1639 711 1631 710 1631 708 1631 586 1637 503 1642 470 1637 429 1631 427 1631 389 1637 358 1642 340 1637 327 1633 325 1633 324 1633 258 1636 260 1683"/></Shape>
	    <String CONTENT="El décimo sexto dia me dijo mi amigo el anciano."
                    HPOS="258"
                    VPOS="1630"
                    WIDTH="1300"
                    HEIGHT="74"
                    WC="0.98032"></String>
          </TextLine>
          <TextLine ID="line_31"
                    TAGREFS="LT8"
                    BASELINE="219 1730 1558 1733" 
                    HPOS="217"
                    VPOS="1685"
                    WIDTH="1341"
                    HEIGHT="66">
            <Shape><Polygon POINTS="219 1730 217 1742 261 1751 263 1751 1556 1745 1558 1733 1552 1693 1525 1686 1524 1686 1522 1686 1521 1686 1502 1695 1496 1695 1251 1686 1250 1686 1248 1686 1231 1693 1225 1696 1130 1696 1120 1692 1101 1686 1099 1686 1098 1686 1062 1692 1038 1695 1027 1691 1013 1686 1012 1686 1010 1686 1009 1686 998 1691 990 1696 932 1696 921 1691 916 1688 914 1688 913 1688 870 1689 803 1693 794 1689 788 1686 787 1686 655 1685 654 1685 627 1688 581 1693 566 1688 560 1685 559 1685 219 1685 219 1730"/></Shape>
	    <String CONTENT="–Me parece Artur que esta noche podemos conversar al¬"
                    HPOS="217"
                    VPOS="1685"
                    WIDTH="1341"
                    HEIGHT="66"></String>
          </TextLine>
          <TextLine ID="line_32"
                    TAGREFS="LT8"
                    BASELINE="164 1787 1555 1782" 
                    HPOS="162"
                    VPOS="1733"
                    WIDTH="1393"
                    HEIGHT="76">
            <Shape><Polygon POINTS="1257 1733 1256 1733 1254 1733 1226 1744 1220 1745 1216 1744 1189 1735 1188 1735 1186 1735 1118 1744 1086 1748 1001 1748 991 1742 979 1736 978 1736 976 1736 921 1738 920 1738 918 1738 913 1742 905 1747 874 1742 833 1735 831 1735 773 1741 719 1747 695 1741 685 1738 683 1738 682 1738 668 1741 642 1747 623 1739 615 1738 614 1738 612 1738 611 1738 605 1739 584 1748 556 1739 544 1736 543 1736 541 1736 452 1738 451 1738 449 1738 448 1739 439 1745 418 1739 417 1739 415 1739 414 1739 395 1748 359 1738 350 1736 349 1736 347 1736 162 1736 164 1787 164 1809 210 1799 335 1799 355 1807 356 1807 358 1807 359 1807 383 1799 662 1806 664 1806 665 1806 685 1797 794 1797 813 1806 815 1806 816 1806 1006 1799 1049 1806 1050 1806 1098 1796 1117 1804 1118 1804 1120 1804 1175 1796 1220 1804 1222 1806 1306 1806 1306 1804 1308 1804 1309 1804 1322 1796 1364 1804 1365 1806 1553 1806 1555 1782 1552 1747 1425 1738 1423 1738 1312 1744 1290 1745 1287 1744 1259 1733 1257 1733"/></Shape>
	    <String CONTENT="go sobre la Patria..... ¿el amor a Julia lo ha hecho á U. por"
                    HPOS="162"
                    VPOS="1733"
                    WIDTH="1393"
                    HEIGHT="76"></String>
          </TextLine>
          <TextLine ID="line_33"
                    TAGREFS="LT8"
                    BASELINE="164 1835 583 1833" 
                    HPOS="162"
                    VPOS="1787"
                    WIDTH="421"
                    HEIGHT="60">
            <Shape><Polygon POINTS="414 1787 399 1787 384 1787 381 1787 346 1796 335 1787 325 1787 310 1787 295 1787 281 1787 266 1787 251 1787 236 1787 221 1787 207 1787 201 1787 162 1797 164 1835 164 1847 581 1844 583 1833 580 1796 417 1787 414 1787"/></Shape>
	    <String CONTENT="ventura olvidarla?"
                    HPOS="162"
                    VPOS="1787"
                    WIDTH="421"
                    HEIGHT="60"
                    WC="0.963"></String>
          </TextLine>
          <TextLine ID="line_34"
                    TAGREFS="LT8"
                    BASELINE="264 1886 1559 1886" 
                    HPOS="264"
                    VPOS="1835"
                    WIDTH="1295"
                    HEIGHT="66">
            <Shape><Polygon POINTS="264 1886 264 1899 1558 1901 1559 1886 1559 1849 1503 1840 1502 1840 1500 1840 1484 1847 1484 1849 1380 1849 1379 1847 1365 1837 1364 1837 1362 1837 1361 1837 1325 1844 1308 1835 1306 1835 1305 1835 1303 1835 1302 1835 1284 1846 1283 1847 1275 1846 1231 1838 1229 1838 1182 1846 1170 1847 1167 1846 1151 1835 1149 1835 1148 1835 1146 1835 1145 1835 1123 1843 1062 1835 1061 1835 1059 1835 1034 1846 1027 1847 1009 1844 954 1837 953 1837 951 1837 932 1844 924 1849 834 1849 827 1844 810 1835 809 1835 699 1835 698 1835 697 1835 680 1843 677 1844 654 1843 563 1835 562 1835 486 1841 423 1847 411 1841 408 1840 406 1840 405 1840 264 1840 264 1886"/></Shape>
	    <String CONTENT="–¡Oh Señor!....todo lo contrario.....el amor á Julia me ha"
                    HPOS="264"
                    VPOS="1835"
                    WIDTH="1295"
                    HEIGHT="66"></String>
          </TextLine>
          <TextLine ID="line_35"
                    TAGREFS="LT8"
                    BASELINE="161 1938 1555 1935" 
                    HPOS="159"
                    VPOS="1887"
                    WIDTH="1396"
                    HEIGHT="65">
            <Shape><Polygon POINTS="1234 1887 1232 1887 1192 1890 1115 1898 990 1892 958 1890 957 1890 941 1892 884 1898 831 1892 800 1889 799 1889 769 1892 711 1899 578 1893 494 1889 492 1889 433 1893 389 1896 375 1893 358 1889 356 1889 355 1889 353 1889 343 1893 331 1899 304 1893 279 1889 278 1889 159 1893 161 1938 161 1951 1552 1952 1555 1935 1550 1890 1476 1899 1419 1899 1402 1890 1399 1889 1398 1889 1396 1889 1395 1889 1392 1890 1376 1899 1260 1899 1243 1890 1235 1887 1234 1887"/></Shape>
	    <String CONTENT="hecho amarla mas desde que he sabido que Julia nació en ella!"
                    HPOS="159"
                    VPOS="1887"
                    WIDTH="1396"
                    HEIGHT="65"
                    WC="0.9730416666666667"></String>
          </TextLine>
          <TextLine ID="line_36"
                    TAGREFS="LT8"
                    BASELINE="258 1988 1558 1988" 
                    HPOS="258"
                    VPOS="1942"
                    WIDTH="1300"
                    HEIGHT="68">
            <Shape><Polygon POINTS="258 1988 258 2000 389 2000 415 2010 417 2010 418 2010 526 2001 664 2009 665 2009 750 2000 759 2000 763 2000 809 2010 810 2010 898 2000 910 2000 917 2001 963 2010 964 2010 1022 2001 1032 2000 1044 2001 1118 2010 1120 2010 1237 2001 1263 2000 1283 2001 1362 2010 1364 2010 1558 2001 1558 1988 1549 1952 1512 1943 1510 1943 1432 1952 1405 1942 1404 1942 1402 1942 1401 1942 1370 1952 1138 1942 1136 1942 1087 1954 994 1954 961 1943 960 1943 958 1943 957 1943 938 1954 879 1954 816 1942 815 1942 732 1952 701 1942 699 1942 335 1942 334 1942 332 1942 312 1954 258 1954 258 1988"/></Shape>
	    <String CONTENT="–A U. nunca le falta contestacion amiguito! bien, me gus¬"
                    HPOS="258"
                    VPOS="1942"
                    WIDTH="1300"
                    HEIGHT="68"></String>
          </TextLine>
          <TextLine ID="line_37"
                    TAGREFS="LT8"
                    BASELINE="159 2041 1558 2038" 
                    HPOS="158"
                    VPOS="1989"
                    WIDTH="1400"
                    HEIGHT="68">
            <Shape><Polygon POINTS="1003 1989 1001 1989 982 1995 963 2001 879 1995 859 1994 858 1994 856 1994 855 1994 843 2003 762 2003 717 1994 708 1992 707 1992 584 1992 559 1994 557 1994 538 2001 513 1992 509 1991 507 1991 158 1991 159 2041 159 2053 1555 2057 1558 2038 1550 2000 1368 2001 1351 1998 1324 1992 1322 1992 1321 1992 1309 1997 1299 2003 1211 2003 1200 1997 1188 1992 1186 1992 1185 1992 1183 1992 1182 1992 1176 1997 1167 2003 1093 2003 1052 1995 1004 1989 1003 1989"/></Shape>
	    <String CONTENT="ta; pues esta noche en mi cuarto nos reunirémos á las 8 y á"
                    HPOS="158"
                    VPOS="1989"
                    WIDTH="1400"
                    HEIGHT="68"></String>
          </TextLine>
          <TextLine ID="line_38"
                    TAGREFS="LT8"
                    BASELINE="161 2091 1558 2088" 
                    HPOS="159"
                    VPOS="2043"
                    WIDTH="1399"
                    HEIGHT="62">
            <Shape><Polygon POINTS="161 2091 161 2105 1556 2105 1558 2088 1552 2053 1206 2053 1200 2050 1172 2043 1170 2043 1169 2043 1167 2043 1151 2050 1148 2051 704 2047 270 2044 269 2044 267 2044 263 2046 241 2053 159 2046 161 2091"/></Shape>
	    <String CONTENT="la luz de un buen Moka, continuaré lo que dejamos suspenso"
                    HPOS="159"
                    VPOS="2043"
                    WIDTH="1399"
                    HEIGHT="62"
                    WC="0.9946727272727273"></String>
          </TextLine>
          <TextLine ID="line_39"
                    TAGREFS="LT8"
                    BASELINE="159 2142 1561 2139" 
                    HPOS="158"
                    VPOS="2094"
                    WIDTH="1403"
                    HEIGHT="64">
            <Shape><Polygon POINTS="159 2142 159 2154 1558 2158 1561 2139 1558 2105 1507 2094 1506 2094 1505 2094 1478 2103 1265 2096 1263 2096 1225 2103 1223 2103 1189 2094 1188 2094 1186 2094 1096 2103 1093 2103 1092 2103 1058 2094 1056 2094 1012 2094 1010 2094 1009 2094 1007 2094 994 2103 992 2103 947 2094 945 2094 889 2103 884 2103 879 2103 785 2094 784 2094 782 2094 754 2103 747 2105 734 2103 694 2097 692 2097 691 2097 689 2097 682 2103 677 2106 596 2106 587 2103 557 2094 556 2094 554 2094 158 2102 159 2142"/></Shape>
	    <String CONTENT="el dia pasado; ademas tengo idea de regalarle á U. todas mis"
                    HPOS="158"
                    VPOS="2094"
                    WIDTH="1403"
                    HEIGHT="64"
                    WC="0.9897750000000001"></String>
          </TextLine>
          <TextLine ID="line_40"
                    TAGREFS="LT8"
                    BASELINE="159 2194 1561 2194" 
                    HPOS="159"
                    VPOS="2146"
                    WIDTH="1402"
                    HEIGHT="65">
            <Shape><Polygon POINTS="159 2194 159 2208 1559 2211 1561 2194 1561 2157 1494 2148 1493 2148 1428 2155 1420 2155 1419 2155 1402 2146 1401 2146 1399 2146 1398 2146 1380 2155 1379 2155 1373 2155 1327 2146 1325 2146 1287 2154 1278 2157 1053 2157 1038 2152 1012 2146 1010 2146 1009 2146 998 2152 991 2155 960 2152 927 2148 926 2148 852 2151 747 2155 702 2149 674 2146 673 2146 671 2146 660 2149 637 2155 627 2149 624 2146 623 2146 621 2146 556 2146 554 2146 553 2146 547 2148 531 2155 512 2148 506 2146 504 2146 355 2146 353 2146 347 2146 309 2155 267 2146 264 2146 263 2146 261 2146 245 2155 232 2146 230 2146 229 2146 159 2146 159 2194"/></Shape>
	    <String CONTENT="notas sobre la historia del pais, ¡quizás U. sacará partido de ellas,"
                    HPOS="159"
                    VPOS="2146"
                    WIDTH="1402"
                    HEIGHT="65"
                    WC="0.9877083333333333"></String>
          </TextLine>
          <TextLine ID="line_41"
                    TAGREFS="LT8"
                    BASELINE="162 2242 1559 2242" 
                    HPOS="162"
                    VPOS="2195"
                    WIDTH="1397"
                    HEIGHT="70">
            <Shape><Polygon POINTS="1382 2195 1380 2195 1311 2204 914 2195 913 2195 911 2195 884 2205 686 2205 665 2196 664 2196 662 2196 661 2196 639 2204 621 2195 620 2195 618 2195 494 2202 477 2195 476 2195 473 2195 458 2195 443 2195 429 2195 414 2195 399 2195 384 2195 369 2195 355 2195 340 2195 325 2195 310 2195 295 2195 281 2195 266 2195 251 2195 236 2195 221 2195 216 2195 214 2195 162 2204 162 2242 162 2257 1558 2265 1559 2242 1559 2205 1487 2196 1485 2196 1410 2204 1383 2195 1382 2195"/></Shape>
	    <String CONTENT="en cuanto á mi á quien la foxa aguarda, ¡de que me podrán servir?"
                    HPOS="162"
                    VPOS="2195"
                    WIDTH="1397"
                    HEIGHT="70"></String>
          </TextLine>
          <TextLine ID="line_42"
                    TAGREFS="LT8"
                    BASELINE="301 2291 1559 2296" 
                    HPOS="300"
                    VPOS="2247"
                    WIDTH="1259"
                    HEIGHT="143">
            <Shape><Polygon POINTS="301 2291 300 2373 411 2386 412 2386 457 2375 482 2370 522 2375 581 2386 583 2386 584 2386 586 2386 599 2377 617 2367 652 2378 655 2378 657 2378 658 2378 660 2378 661 2378 695 2365 729 2378 741 2383 742 2383 744 2383 775 2380 785 2378 788 2380 796 2386 797 2386 799 2386 874 2387 876 2387 877 2387 896 2381 904 2378 910 2381 921 2387 923 2387 924 2387 926 2387 944 2381 991 2367 1098 2367 1112 2377 1114 2377 1115 2377 1117 2377 1118 2377 1120 2377 1136 2367 1288 2367 1320 2383 1321 2383 1322 2383 1324 2383 1340 2375 1399 2387 1408 2389 1410 2390 1558 2390 1559 2296 1558 2259 1058 2250 1056 2250 948 2253 803 2256 726 2250 697 2248 695 2248 631 2250 408 2254 301 2247 301 2291"/></Shape>
	    <String CONTENT="–Gracias Sr.! será lo que U. guste.... me voy y á las"
                    HPOS="300"
                    VPOS="2247"
                    WIDTH="1259"
                    HEIGHT="143"></String>
          </TextLine>
          <TextLine ID="line_43"
                    TAGREFS="LT8"
                    BASELINE="165 2343 482 2346" 
                    HPOS="164"
                    VPOS="2304"
                    WIDTH="318"
                    HEIGHT="101">
            <Shape><Polygon POINTS="164 2404 251 2405 253 2405 254 2405 256 2405 272 2395 303 2375 350 2387 371 2393 372 2393 374 2393 480 2375 482 2346 482 2324 402 2324 396 2318 380 2306 378 2306 377 2306 324 2304 322 2304 266 2312 201 2319 167 2306 165 2343 164 2404"/></Shape>
	    <String CONTENT="8 vendré...."
                    HPOS="164"
                    VPOS="2304"
                    WIDTH="318"
                    HEIGHT="101"
                    WC="0.98645"></String>
          </TextLine>
        </TextBlock>
      </PrintSpace>
    </Page>
  </Layout>
</alto>
