1597 2632
647 92 127 74 (23)

136 157 1282 66 .... A las 8 en punto ya estaba yo en la cita; entré al cuar¬

96 195 1325 75 del anciano, él se habia sentado en su poltrona; sobre la

27 244 1395 85 mesa habia un bonito servicio de café, me saludó y tocó la cam¬

30 292 179 67 panilla.

134 343 439 70 –Un criado entró.

131 391 1085 85 –Traé el café.... y llama á la señorita Julia.

127 444 1293 86 Al poco rato llegó el criado con la cafetera y sus tostadi¬

29 500 1083 74 tas secas; poco despues entró Julia y nos saludó.

128 552 1294 82 –Mira hijita..... te he llamado para que nos sirvas

27 596 841 78 el café, tu lo haces á la moda.....

125 653 429 66 –Bueno papasito.

116 701 1305 84 Julia tomó asiento; nos preparó dos tasitas; yo le pasé á

24 755 1397 85 mi amigo la suya; tomé la mia en las manos, me acerqué á la

24 807 604 63 mesa y empezé á gustarlo.

122 855 1296 76 El anciano, agitó la cucharita dentro de la tasa como pa¬

21 906 1397 79 ra endulzar mejor el café; tomo un tragillo, lo elogió, se limpió

23 959 452 66 el pecho y me dijo:

134 1004 1284 88 –¿Se acuerda U. Artur en que quedamos la última vez?

124 1060 1296 83 –En la desaparicion de la viuda, y la aparicion de esa

20 1111 1398 85 hermosa joven cuya mirada enérgica y sublime parecia anun¬

21 1161 1037 77 ciar á las naciones las futuras glorias del Perú!

156 1213 1264 82 –Bien, bien, ya estoy..... pues si Artur, la aparicion

20 1261 1398 81 de esa estátua que aun se ve en el medio de la calle de Paris

20 1320 1397 77 fué el signo con que Dios predijo nuestras venturas futuras...

105 1367 1312 73 Los hombres como ya le dije á U. se animaron y pensaron,

20 1419 1398 75 poco despues... obraron:... desde entónces su voluntad, su

19 1468 1396 84 opinion, la opinion social fué respetada, oida y obedecida: el pri¬

19 1523 1396 79 mer paso que dieron fué el de aniquilar el germen revoluciona¬

19 1576 1396 79 rio.... un poco de energia y de constancia se los hizo con¬

21 1623 1393 86 seguir; en seguida sacaron de entre la masa social, de entre

23 1669 1066 81 los hijos del Peru.... Un hombre y le dijeron:

125 1725 1289 83 "Apoderate de nuestro suelo, de nuestras mujeres, de nues¬

26 1770 1384 85 "tros bienes, de nuestras leyes y de nosotros mismos....

19 1826 1396 76 "defiende los unos contra los ataques de los perversos, de los am¬

27 1873 1385 87 "biciosos, y de los rivales envidiosos; proteje las otras respetalas

43 1928 1368 81 "y haslas obedecer y respetar:.... si asi lo hicieres nues¬

33 1978 1379 83 "tras mujeres é hijos te servirán de murallas..... nuestros

27 2026 1384 88 "brazos serán de fierro y te sostendrán contra cualesquiera

24 2076 1385 88 "clase de enemigos..... tu reynado será feliz para la patria,

24 2130 1387 77 "ella y Dios te colmarán de bendiciones!!!..... mas si como

26 2178 1383 88 "otros fueres falso, traidor, si como otros solo nos aniquila¬

32 2231 1376 85 "ses, y degradases..... oh! tiembla! porque el dia ha llega¬

32 2279 1379 123 do en que los hijos del Perú apetezcan la paz y la felicidad,
