1600 2672
791 82 107 69 (32)

145 135 1395 78 negras; su pelo todo en desorden se habia esparcido sobre

147 175 1395 86 la almohada como un campo de trigo al que la tempestad

145 221 1400 86 abate, entre el que su anjelical cabeza se hallaba sumerjida

153 276 1383 90 .... un sacerdote estaba á la cabecera.... un médico.... y

147 323 1395 95 algunos de sus parientes....; Anjela sentada á su lado la veia

160 374 1383 96 y suspiraba;.... pobrecita! parecia que en su tierna inocencia

150 429 1396 92 preveia el fin próximo de la hermana que tanto amaba!!! su

150 479 1399 92 madre, loca de espanto y de dolor, entraba á cada instante

150 529 1400 92 llorando, y tenian que arrancarla del lado de Julia cuyo mal

151 583 1401 89 agravaban sus lamentos!.... desgraciada madre!.. ellos son bien

153 632 1402 90 justos!! llora, si.... llora.... la hija que vas á perder no la

154 681 1398 95 reemplazarás jamas!!!; los criados antiguos de la casa que ha¬

154 731 1402 88 bian visto nacer y crecer á Julia entre ellos quedaban á la

155 791 1400 86 puerta cabizbajos.... su vista fué para mi muy melancólica

160 837 1396 92 y muy triste.... ellos me recordaron en ese momento....

154 884 1405 94 las terribles Catacumbas!!! (*) Ursula, la ama que la crió llo¬

154 939 1405 92 raba en silencio al pié de la cama!.... á la vista de tal es¬

155 985 1404 98 pectáculo me sentí desfallecer.... me acerqué á Julia, me apo¬

157 1040 1404 92 deré de su mano derecha y la llevé á mis lábios.... ella al¬

155 1088 1404 87 zó la vista... dudó; yo temblé: poco despues me conoció

166 1138 1395 100 .... y me sonrió.... al mismo tiempo me apretó la mano

157 1193 1405 92 convulsivamente....; entonces si supe Carlos lo que era amar!

155 1260 852 73 entonces si supe lo que era sufrir!!!

268 1294 1291 93 "Señor, (le dije al padre que la ayudaba) este momen¬

161 1353 1397 86 „to es muy sublime, y quizás corto, para perder el tiempo,

162 1402 1397 83 "en formulas y para dar lugar á observaciones–Julia es

164 1451 1398 83 "mi novia, hoy debia habernos unido la iglesia en el templo de

169 1502 1393 90 la Merced¡ En nombre de Dios os suplico, nos bendigais y

169 1549 1393 97 "hagais que Julia y Artur queden unidos para la eternidad!!!

176 1604 1389 89 "¿no es verdad Julia, no es verdad, amiga que tu lo deseas

171 1674 218 71 "asi?...."

252 1702 1315 95 Julia quiso levantarse.... pero no pudo.... ya la muerte

169 1753 1401 90 la abrazaba!.... sus ojos se fijaron en mi con celestial son¬

169 1802 1399 99 risa; su mano izquierda en la que tenia un Santocristo de

167 1860 1401 92 marfil, la aplicó á su corazon, su derecha la alzó al cielo!....

170 1908 1403 96 despues la dejó caer sobre la mia y la apretó con sublime

172 1984 243 98 expresion.

270 2004 1307 93 El sacerdote nos comprendió, supo desempeñar su deber;

199 2113 1378 88 [*] Cualesquiera viajero que estando en Paris haya con¬

175 2161 1404 96 seguido visitar los subterráneos de este nombre, debe haberse con¬

175 2211 1404 100 vencido que no es sin justicia que siempre se recuerda con ter¬

176 2271 1129 115 ror el espectáculo que presentan las "Catacumbas!"
