1622 2607
682 89 94 65 (7)

43 133 1405 62 Delia, se la di y me fui á revolcar sobre la cama; esa pre¬

40 185 1408 69 gunta habia hecho revivir mis angustias en toda su intensi¬

39 230 306 82 dad primera.

60 285 1389 75 –¡Pobre joven, pobre amigo!–le oi repetir cerca de

45 338 174 70 mi....

60 389 1389 70 ............. Al siguieute dia volvió y me llevó por fuer¬

43 441 1403 67 za ó Chorrillos;... una gota de agua pero permanente con

44 490 1401 70 que el Gobierno lo ha dotado, ha convertido ese pueblo, an¬

46 543 1402 68 tes tan árido y triste, en un lugar delicioso; no hay casa que

46 598 1402 59 no tenga un jardin, no hay rancho que no tenga su arbolito;

47 645 1402 70 una hermosa alameda es al presente su entrada; una rampa

47 699 1401 64 espaciosa y en insensible declive conduce al baño, sauces y

47 747 1403 69 naranjos le sirven de limite á un lado y otro: el pueblo tiene

50 799 1399 61 en el dia sus dos fabricas; la una para beneficiar azucares,

50 851 1393 67 la otra para destilar toda clase de espiritus y fabricar lico¬

50 902 1395 68 res, esto le ha dado una importancia que jamas crei yo tu¬

55 954 1394 65 viera, y ha hecho de un pueblo antes inerme y desocupado,

55 1006 1394 64 un lugar de industriosa y productiva actividad: todo lo que

53 1057 1396 71 hay que ver en él lo visitamos, asi como á algunas familias

60 1101 396 72 que ahí se hallan.

153 1160 1296 60 Por la tarde montamos al coche para regresarnos; á mi¬

55 1210 1393 65 tad de camino entramos en Miraflores, aumentado hoy con

56 1261 1396 59 140 casas de recreo y con su fabrica de salados y conservas

55 1312 1398 71 para la Marina, en ella nos obligaron á gustar de algunos

52 1364 1400 66 de sus productos, y en obsequio de la verdad te diré que

55 1416 1398 68 si no exeden al menos rivalizan con los mejores de Europa:

53 1468 1400 62 como la noche era de luna nos venimos tarde; era un es¬

57 1523 1395 62 pectáculo á la verdad bien poetico el de la naturaleza silen¬

55 1568 1398 68 ciosa y quieta á esa hora; los pajaros tranquilos aqui y alli

56 1622 1397 59 sobre las ramas de los sauces y entrelazados amorosamente

57 1672 1393 67 unos á otros; el paso lento del ganado recorriendo mansa y

59 1723 1393 65 tranquilamente la pradera á la que la luna daba un platea¬

57 1772 1401 68 do brillo; ningun hombre se divisaba.... este era el golpe de

60 1832 1390 59 vista que la tierra presentaba; elevé mis miradas al cielo, y

59 1875 1397 70 admiré ese manto dorado que mil brillantes estrellan engala¬

60 1930 1398 65 nan sobre el mas delicado aurora: vi una que otra estrella

57 1978 1402 69 errante que aparecia por momentos y despues se perdia en

60 2032 1399 65 el espacio–verdaderos meteoros celestes que no dejan ni el

57 2081 1401 65 tiempo de admirarlas; una que otra mancha blanca se pasea¬

62 2130 1399 70 ba en majestuosa cadencia sobre el campo de los cielos im¬

60 2189 1401 63 pulsada por un delicado zéfiro; en medio de todo este subli¬

63 2234 1401 61 me conjunto de las obras del Criador, planaba cual jenio de

60 2284 1401 104 tierna y dulce melancolia! el planeta celeste de la noche!!! oh!
