1607 2618
670 2 116 87 (25)

139.0 56.0 1296.0 96.0 –Cierto Artur, era crueldad, y solo el oirlo hace temblar!

45.0 119.0 1382.0 96.0 ¡los corazones buenos no pueden presenciar esas cosas; pero

48 185 519 76 amigo era preciso!...

128 231 673 83 –Y bien... despues?...

131 270 1314 94 Calmado el fuego revolucionario, arreglada en parte, la

45.0 324.0 1400.0 89.0 hacienda, estinguido el egército y en perfecta armonia con las

48.0 378.0 1393.0 81.0 demas naciones, se pensó en organizar la patria y darle una mar¬

48.0 423.0 1387.0 93.0 cha ordenada y estable... Para este fin se reunió un Con¬

55.0 474.0 1381.0 94.0 greso de ciudadanos libres y buenos, para cuya eleccion la opi¬

55.0 523.0 1383.0 95.0 nion del pueblo, de la reunion social de los hijos del Perú, fué

55.0 575.0 1381.0 96.0 enteramente libre y soberana, á este se le autorizó para crear

55.0 628.0 1393.0 93.0 una carta constitucional peruana: se le dió un término lapso

56.0 685.0 1383.0 87.0 para que la meditacion y la refleccion fuesen la marcha que

59.0 730.0 1382.0 93.0 siguiese.... se nombró igualmente una cámara de Senadores

64.0 779.0 1384.0 96.0 con facultad de aprobar ó desaprobar cada artículo creado por

62.0 834.0 1390.0 92.0 los diputados; al mismo tiempo se creó un Consejo para que

61.0 885.0 1396.0 90.0 reunido á las dos otras camaras sancionase la nueva carta.

157 938 1299 85 Los peruanos por el órgano de sus representantes elijieron

61.0 989.0 1394.0 93.0 un jefe... este estaba autorizado para nombrar su ministerio...

62.0 1037.0 1393.0 91.0 tanto él como los ministros juraron con la siguiente fórmula.

179.0 1090.0 1275.0 88.0 "–Juro amar, protejer y respetar la patria; ser fiel á

66.0 1141.0 1376.0 90.0 "ella: y respetar y hacer respetar, obedecer y hacer obedecer

66.0 1186.0 1389.0 99.0 "fielmente su nueva carta: si así lo hiciere, el Cielo y la patria,

71.0 1239.0 1377.0 97.0 "me recompensen... si no, caigan sobro mí la maldicion, del

66.0 1310.0 506.0 76.0 "Cielo y de la patria!"

150 1332 1299 103 Ese dia las campanas agitaron el aire sin cesar, su sonido

59.0 1393.0 1403.0 83.0 era agradable para nosotros, el era producido por una CAU¬

62.0 1447.0 1397.0 94.0 SA JUSTA, POR LA CAUSA DE LOS PUEBLOS... nin¬

64.0 1493.0 1398.0 98.0 guna orden salió de la intendencia.. pero las casas apare¬

64.0 1553.0 1394.0 89.0 cieron todas colgadas y adornadas, musicas nacionales recor¬

64.0 1602.0 1394.0 88.0 rian la ciudad, vivas y alegres cantares se oian por todas par¬

69.0 1649.0 1388.0 97.0 tes... en la pila de la plaza mayor corria sin cesar el sa¬

67 1703 880 94 broso vino Elias, el mejor vino nacional.

87.0 1746.0 1368.0 96.0 La nueva carta daba mucha libertad al comercio, favore¬

71.0 1794.0 1384.0 95.0 cia la industria, animaba á los hombres... pronto, se vió al

72.0 1847.0 1389.0 91.0 comercio tomar un jiro de impulso admirable; mil y mil ex¬

77.0 1899.0 1387.0 92.0 trangeros venir expontáneamente á pedir nuestro nacionalismo

77.0 1947.0 1384.0 96.0 poco antes tan ultrajado; y venir á unírse con nosotros, á abra¬

75.0 2005.0 1239.0 80.0 zarnos y hacer de ellos y los nuestros una sola familia.

173.0 2047.0 1291.0 88.0 Mas de un bnque peruano mercante se armó y en siete

78.0 2098.0 1384.0 102.0 años de nueva carta y de paz, se vió flotar orgulloso el pabe¬

80.0 2158.0 1382.0 170.0 llon nacional en los mares de Europa y de Asia... por supuesto en

1152 2220 33 110 4
