1568 2624
796 56 113 77 (6)

229 129 1309 57 ¡Cuan facil te será comprender ahora, amigo mio, lo que

142 170 1402 67 te dije al empezar esta carta, ya sufro, si...... ya sufro los

144 221 1402 63 suplicios del tantalo, pero que tantalo digo.... ¿no son mil

144 271 1399 73 veces peores los de un desengaño de amor, para una alma

148 325 681 65 verdaderamente apasionada?

175 371 1366 70 ............ ¡Perdoname amigo si solo te hablo de De¬

141 424 1406 71 lia, si doy lugar en estas lineas á mis desvarios apasiona¬

141 479 1405 67 dos.... yo conozco tu corazon y no dudo obtendré gracia á

144 526 879 68 tus ojos cuando te diga.... yo amo!!!

192 586 1352 64 Si la hubieras visto Carlos al marcharse, ay! tu la hu¬

142 635 1402 63 biaras sin duda amado; un traje de velo rosado, un schal blan¬

144 685 1402 70 co como el armiño, eran sus adornos; sus ojos.... ¡pobre De¬

142 736 1404 68 lia! esparcian perlas que el aire recojia; sus mejillas hubieran

138 784 1408 67 hecho la admiracion del Titiano; toda ella era divina, toda,

140 846 1404 59 hasta su pelo puesto en bandas sobre las sienes que la brisa

138 892 1400 67 de tierra descomponia; que ajitada estaba, pobrecita! cuanto

141 940 1403 64 habria llorado! sus ojos no perdian de vista la tierra....; yo

141 992 1400 66 sé lo que buscas Delia ¡pobre! desde mi escondite yo te veré....

154 1043 1386 66 ....... las doce! cielos!! las velas se inflan, la nave se ajita....

144 1099 1399 58 Delia, Delia, adios!!! seante propicios los vientos y las aguas,

142 1145 1402 60 amente los hombres de la tierra donde vas, sonriante los cie¬

141 1198 1402 62 los.... sed feliz.... si.... muy feliz Delia!!!–á las seis de la

141 1253 1403 61 tarde ya nada divisaba, pero mi imajinacion siempre veia un

140 1301 1406 66 objeto querido,.... ni el frio ni el aguacero me sacaban de

142 1351 1405 67 ese estádo letárgico.... á las dos de la mañana entré á mi

137 1400 1404 65 cuarto desesperado, y busqué en la mas profunda obscuridad

138 1459 1405 62 el modo de prolongar mi ilusion; largo tiempo quedé en ese

137 1504 1404 68 estado; á las cinco de la mañana senti aquel ambiente suave

138 1561 1402 58 del aura; mi cabeza se calmó un tanto, abrí la ventana, vi

142 1609 1408 65 el canal con sus aguas tranquilas, los buques inmoviles como

145 1657 1405 70 los arboles de un bosque en un dia de calma..... ya estaba

142 1717 1407 55 fatigado, me senté en un sillon y me dormí; desde entonces

145 1766 1405 66 todos los dias son para mí iguales, siempre sufro.... siempre

150 1806 298 78 estoy loco!!!

207 1860 1344 73 ............ Te hablaré de mi amigo, del anciano; el

147 1914 1403 72 siete de este mes vino á verme por la tercera vez y ya no

153 1963 621 74 pudo disimular su silencio.

255 2016 656 65 –Artur! U. sufre! me dijo.

158 2065 1393 76 –¿Tendrá U. confianza en mi para decirme la causa? que

146 2112 352 79 ha perdido U.?

180 2167 1132 76 –Un bien que no se recuperará nunca....

253 2226 804 67 –¡Gran Dios! ¿cual es ese Artur?

252 2274 1299 93 –Por toda contestacion saqué de mi pecho la carta de
