1586 2613
790 95 135 68 (24)

159 155 1381 61 "aunque para ello sus calles se inunden de sangre maldita: te¬

159 187 1384 77 "melos pues! Dios es el que los inspira, Dios es el que les ha

156 235 1387 85 "dicho al oido.... Peruanos en la cólera como en la bondad,

156 290 1386 80 "debe haber limites.... vosotros teneis en vuestro suelo mi¬

156 342 1392 78 "llares de perversos.... destruidlos.... antes que infesten

162 390 1384 81 "la parte sana de la patria; si quereis la felicidad, si verda¬

161 442 1384 77 "deramente la apeteceis.... Recordad lo que yo el mas gran¬

161 497 1387 76 "de y mas bondadoso de los seres, hice con Ninive!!!.... quemad

169 548 1132 79 "quemad á los perversos ¡Dios os lo ordena!"....

258 598 1086 79 –¿Y que hicieron los peruanos? Sr. por Dios!

261 645 1284 77 –¡Obedecieron!!! el hombre que elijieron los comprendió

155 696 1390 86 y los amó: trató de darles gusto y de hacerlos felices; el pri¬

156 749 1389 85 mer paso que se dió fué el de lanzar el anatema de desnatura¬

158 815 829 64 lizacion Patria para todo perverso.

265 863 573 67 –Dios mio!... y...

275 897 1271 84 –Oiga U. Artur sin interumpirme.... despues se decre¬

161 961 1388 68 tó y realizó la extincion total de esa masa de peruanos que

159 1004 1392 78 llamaban ejército; esta sirvió para aumentar el número de

162 1051 1389 84 brazos que la industria reclamaba: solo quedó una Guardia

159 1107 1395 81 de Corp: veterana en la capital, para hacer respetable el

161 1158 1390 75 Palacio de las leyes; en cada prefectura, una compañia lijera

162 1215 834 78 para detener el crimen y castigarlo.

280 1255 1271 89 –Pero señor.... ¿y con que se defendian los peruanos,

162 1316 856 77 si el extranjero los hubiera atacado?

299 1360 1255 84 –Voy á decir á U.... el dia mismo en que se decretó

162 1409 1396 87 la extincion del ejército se decretó igualmente la organizacion

162 1469 1396 79 perfecta de las guardias nacionales: el pueblo aprendió el mane¬

165 1512 1393 89 jo de las armas.... y al pensar que la extincion del ejército

162 1569 1393 74 daba el erario nacional un aumento de millones, con los que no

165 1620 1390 79 solo se podia perfectamente cubrir todos los gastos; sino amor¬

168 1667 1390 82 tizar las deudas externa é interna hacer obras públicas de

167 1723 1389 78 útilidad y adorno; asi como permitiria en poco tiempo dismi¬

168 1769 1381 80 nuir la cuota de las patentes con que la industria se gravaba...

168 1818 1393 86 oh!... Artur cuando los pueblos del Perú, supieron esto, se ena¬

168 1868 1391 85 moraron de su fusil y de su casaca civica, adoraron la táctica;

172 1922 1390 90 y á ese paso se convirtieron en Leones contra todo revolu¬

171 1971 1391 83 cionario; cada mujer, cada niño se transformaron en argos fie¬

171 2022 1394 88 les que velaban por la tranquilidad de la patria! y cuando algun

174 2074 1391 80 revolucionario elevaba sus gritos y los tentaba... ellos le

171 2128 1397 82 decian...vete de aquí, maldito cocodrilo, lloras por lo que

175 2180 1395 81 no has devorado; vete..... y lo apaleaban y lo echaban en una

177 2231 1186 100 hoguera profunda y siempre ardiendo para recibirlos.

289 2288 573 107 –¡Que crueldad! ¡Señor!
