1606 2614
710 50 39 60 (11)

132 100 1303 72 –¡Alma de cántaro! que tiene que hacer Benitito con la

33 149 792 70 demora de U.? dijo Da. Silvestra.

126 200 1308 68 –¡Qué tiene que hacer! nada, no es cosa! que apenas

31 249 1403 79 llegabamos al puente me bañó la silla y los pantalenes; vea

36 300 1395 81 U. como me ha puesto! y tuve que volver á hacerlo mudar

42 360 255 69 y limpiar.

175 403 1258 76 –¡Ay! que gracioso! en fin aqui le he traido mamelu¬

36 453 1397 82 quitos de repuestol y dígame U. D. Lucas donde anda Juan¬

36 514 802 61 cho con las provisiones, oyas etc.

145 556 1285 78 –Señora, él salió por delante, ya debe estar en Aman¬

40 618 124 70 caes.

140 660 1188 69 –¡Bueno¡ ¿y Luis con las pipas de agua, salió ya¿

136 714 962 70 –En la plaza lo he dejado, viene atras.

142 756 1293 74 –Pues Sras. mias, flanco izquierdo; por la derecha; marchen!

146 810 1295 80 Y héteme aqui que se puso en movimiento toda esa reu¬

46 864 1395 77 nion patriarcal; nosotros bastante alegres por la diversion que

45 917 1396 71 ella nos habia proporcionado la seguimos de cerca; mi ami¬

50 970 1388 71 go se metió en uno de los tres carruajes de su familia; y

47 1016 1297 80 solo fuimos á caballo, Julia, Luisito, D. Prospero y yó.

142 1067 1301 74 ........ Ya estábamos en el último callejjon, cuando trik,

47 1119 1399 81 trak; pártese derrepente una vara de la calesa en que iba

50 1177 319 67 Da. Silvestra.

143 1212 1301 84 ¡Que confusion, Dios mio! el cura, fray Jerundio, la chi¬

47 1273 1397 73 na, D. Lucas y otros varios echaron pie á tierra; á mi Da.

47 1322 1397 79 Silvestra la sacaron toda embarrada de arriba abajo de los

47 1376 1393 80 huebos que D. Gaetano habia roto, y con la cara como un

47 1437 216 58 camaron!

142 1471 1307 87 –Jesus! que lance, Dios mio! vea U. una calesa que costó

50 1529 1397 77 dos mil pesos, y que se hizo con tanto esmero, cuando me

53 1580 1396 79 casé, ¡ay! quien me lo hubiera dicho! pero.... ya se vé, ha¬

56 1630 1291 79 bia de ser cosa tuya, le dijo su marido á Da. Silvestra,

156 1677 1291 84 –¡Que mentecata eres; hoy estas con la luna! le dijo

55 1736 1155 73 con gravedad y miedo á un tiempo D. Gaetano.

146 1786 1121 69 –Monte U. señorita en mi potro, dijo Antuca.

119 1841 790 74 Da. Silvestra lo hizo al momento.

106 1873 1338 88 El capellan y fray Jerundio le ofrecicron su caballo á

56 1941 1398 74 la china; el capellan obtuvo la preferencia; Antuca montó en

56 1989 1393 76 su caballo, y él á las ancas, los demas siguiercn á pie, lle¬

56 2038 1390 88 vando distribuidos los paquetes, D. Lucas voló encomision á Li¬

58 2101 633 68 ma para pedir un balansin.

149 2142 1305 79 Nosotros los pasamos, y fuimos á esperarlos cerca de la

58 2198 1114 74 capilla que se halla en la pampa de Amancaes.

155 2236 1299 144 La capilla estaba abierta; admiramos la hermosa efijie
