1611 2610
696 26 137 91 (15)

63 97 1400 79 que á no ser porque Benititito se volvió á mojar y fray Je¬

60 155 1404 74 rundio pretendió medir los puños con el capellan, todo se

60 207 1404 72 pasó muy bien: despues de que comieron se prepararon á mar¬

58 255 1407 75 char, cada cual se colocó del modo que habia venido; Da.

56 304 1412 75 Silvestra le echo su ronca a D. Lucas por los malos caba¬

68 356 1399 79 llos del balancin que le habia hecho traer, á su marido por el

69 413 1398 69 suceso de la calesa matrimonial; y á las niñas porque se ha¬

71 462 1394 75 bian reido mucho, lo que las hizo hacer un jesto y reirse

72 520 120 68 mas.

171 568 1293 67 Por fin, ya colocados, tomó la palabra Da. Silvestra y

69 616 1398 72 con el garbo que le conocemos, dijo contra marchar por la izquier¬

69 669 1401 69 da, armas ú discrecion, marchen... y la jente y los caballos de la

71 719 1402 71 jente marcharon; nosotros los seguimos de cerca; la noche

71 768 1399 74 se acercaba, á mitad de camino los pasamos recomendandolos

76 822 566 63 á las once mil virjenes.

174 871 1294 71 Llegamos á casa de Julía y despues de reposarnos un ra¬

75 925 1395 66 to en el salon nos pusimos á merendar; D. Prospero estaba

75 975 1393 73 de mal humor y no comia, ¡pobre hombre! ¿amaria acaso á

78 1029 751 68 Julia? lo compadezco si es asi.

172 1078 1298 68 A las 9 de la noche me despedí para dejar descansar á

72 1132 1396 70 mis amigos; apenas llegué á mi cuarto me acosté, esa noche

69 1185 1174 61 era la primera que dormia desde la marcha de Delia.

156 1232 1309 70 Al siguiente dia llegó al puerto de Monserrat el Bergan¬

75 1289 1392 58 tin Justicia, él traia la noticia de que el Pluton que entraba

76 1336 1391 70 á Pisco á cargar algodones habia naufragado y que ninguna

78 1390 586 61 persona se habia salvado.

163 1433 1306 76 Esta noticia me dejó suspenso, no sabia si debia creerla

78 1492 1389 68 favorable ó desgraciada para mi.... ¿para qué avergonzarme

76 1541 1392 68 de decirtelo; al recordar los sucesos de la vispera y la ins¬

81 1599 1390 62 piracion sobre la transmigracion... me alegré.. quizás aun

81 1648 1389 64 no me comprendes ni atinas que tenga que hacer el Pluton

78 1696 1393 64 con mi historia.... voy á decírtelo.... el Pluton me arrebató á

81 1744 1387 74 Delia!!! el Pluton conducia á Rusia, á mi odiado rival!!! Dios

81 1790 335 73 le hizo justicia!

191 1840 1278 71 A las 5 de la tarde fui á comer con mi amigo; D. Pros¬

84 1899 1384 73 pero no estaba en la mesa; Julia y yo brindamos con el vino

80 1950 1119 66 Elias–por la noche cantó; á las 10 me retiré.

180 1994 1282 80 A las once de la mañana del dia signiente vino á vi¬

87 2051 698 74 sitarme mi buen amigo.

184 2105 446 61 –Artur, como va?

185 2151 498 76 –A la orden, amigo.

180 2192 817 96 –Deme U. un cigarro y fuego.......

191 2262 671 139 –Uno y otro, vedlos aquí.
