1611 2614
706 63 142 67 (17)

171 106 1278 87 –Despacio, amiguito, despacio, nada he dicho aun; res¬

75 162 1370 95 pete U. las opiuiones; no vaye á casa hoy; y mañana espe¬

75 217 822 82 reme aqui mismo á las 12 del dia.

172 268 542 80 ¡Como U. guste, señor!

168 287 1286 110 El anciano se marchó, despues he sabido que fué á su

79 361 1375 90 casa; y que á las 10 de la noche tuvo lugar la siguiente consulta.

171 413 1283 88 ....... Las 10 en punto eran del dia que cito; era de

79 461 1373 90 noche, las visitas se marcharon y solo quedaron los llamado-

81 512 1374 83 á esa consulta, la que se componia de toda la familia ma¬

84 567 1374 86 yor de Julia, de ella y de dos amigos de confianza; perso¬

79 620 1380 85 nas de importancia; de estos el uno me era favorable porque

78 669 1379 87 queria deveras á Julia y me habia juzgadó favorablemente;

76 720 1379 83 el otro aunque bueno, me despreciaba, tanto porque á los hom¬

79 763 1378 89 bres á cierta edad les da la enfermedad de despreciar todo

79 823 1379 81 lo que es joven ó que sale de manos de joven; cuanto porque

79 869 1382 89 D. Prospero valiendose de la amistad, de la adulacion y de

78 920 1384 93 la calumnia, se lo habia ganado para si y convertido contra

76 974 1381 81 mi; es preciso decir que D. Prospero, hombre viejo y atre¬

81 1020 1380 89 vido, estaba con la razon algo estraviada desde que se le habia

81 1073 1381 93 metido en la cabeza amar á la pobre Julia y encajarle por los

81 1128 1377 91 ojos su omnimoda proteccion, sus 50 años graves, y sus ga¬

79 1198 320 59 nados dollars.

175 1209 1287 103 Reunida la junta y cerrado el salon, tomó mi amigo la

84 1272 1378 100 palabra; refirió lo que habia observado en Amancaes, y con¬

84 1327 1378 96 cluyó por decir el secreto que me habia arrancado la vispe¬

82 1404 390 67 ra en mi cuarto.

161 1411 1306 109 –El padre de Julia, D. Juan, que casualmente llegó de

81 1478 1383 103 la hacienda en esa misma noche despues de larga ausencia, le

84 1553 372 70 dijo al anciano:

185 1565 1283 105 –Todo eso está muy bueno, señor, pero vamos á las

84 1638 1384 93 cosas solidas; ¿quien es este D. Artur, de donde viene que

84 1702 412 75 sabe y que tiene?

188 1725 1282 100 –No.... primero me parece que se debe saber la opinion

87 1793 1080 89 de Julia.... dijo el amigo que me era favorable.

188 1837 1184 84 –Asi es....dijo el anciano; haber hijita, que dices....

183 1886 1288 100 –.... Yo.... lo que U quiera.... el señor D. Artur me pare¬

87 1956 549 64 ce muy recomendable....

206 1970 1259 111 –Vamos! ya te comprendo picarona, le dijo su visabue¬

88 2046 1148 90 lo ¡recomendable!! ¡ah! ¡ah! ¡como lo recomiendas!

180 2091 1292 87 –Despues continuó: señores Julia se somete á mi fallo.

190 2143 1282 100 –¿Y cual es señor? dijeron á un tiempo el amigo de

95 2207 780 196 D. Prospero y el padre de Julia.

1124 2258 61 103 3
