1586 2625
673 72 118 68 (31)

32.0 122.0 1402.0 76.0 do á nuestras bodas fue el de su muerte!!! pobre amiga! cuan¬

32.0 164.0 1408.0 86.0 do te volveré á ver!!!–feliz con la proxima esperanza de unir¬

32.0 217.0 1406.0 86.0 me a ella, y agitado por la fatiga del baile apenas dormi la

37.0 268.0 1403.0 83.0 vispera; temprano me levanté y fui al campo para pedirle á

35.0 319.0 1402.0 83.0 las flores la pureza que á Julia queria ofrecer.... despues me

33.0 370.0 1402.0 85.0 dirijí á la Merced, templo elejido por Julia para la ceremo¬

35.0 421.0 1399.0 85.0 nia de nuestra union: me arrodillé con fervoroso respeto é

35.0 472.0 1397.0 86.0 invoqué á la Virgen del Altar Mayor: no se si fué la obra

36.0 525.0 1393.0 84.0 de mi imajinacion pero me parecia que la Virgen me son¬

37.0 574.0 1398.0 86.0 reia.... mi corazon latió con placer dentro del pecho.... des¬

37.0 625.0 1398.0 86.0 pues la vi elevar su mano al Cielo, verme, apoyarla sobre su

33.0 676.0 1389.0 85.0 corazon, en seguida señalarme á mi y sonreirme de nuevo....

33.0 726.0 1396.0 83.0 Sin comprender el sentido de estas demostraciones sentí pla¬

33.0 778.0 1395.0 89.0 cer.... despues sali de la Iglesia, fui á mi cuarto y habiendo¬

33.0 826.0 1224.0 86.0 me variado el vestido me dirijí á casa de mi amigo.

121.0 876.0 1307.0 90.0 Serian las 11 del dia cuando llegué; ¡Carlos! ¡Carlos! ¡que

30.0 931.0 1398.0 85.0 de cosas me esperaban! la puerta estaba cerrada, solo se en¬

32.0 981.0 1394.0 87.0 traba por el postigo: subí la escalera sobresaltado, las criadas

32.0 1041.0 1393.0 79.0 que ví en la sala llorando y en silenciosa conversacion me

32.0 1082.0 1393.0 90.0 hicieron temblar.... Mi amigo el anciano estaba en la cua¬

30.0 1136.0 1399.0 83.0 dra sentado en un sillon, su semblante abatido y el mivimien¬

30 1185 1251 92 to convulsivo que noté en él aumentaron mis temores.

135.0 1236.0 470.0 70.0 –¡Amigo Artur!....

138.0 1287.0 1287.0 91.0 –¡Que hay, señor, por Dios! que es lo que causa tan je¬

33.0 1338.0 299.0 70.0 neral tristeza!

58.0 1378.0 818.0 87.0 –¡Ay amigo! tenga U. un....

62.0 1440.0 1359.0 91.0 –Hablaba el anciano cuando en el cuarto de dormir,

30.0 1493.0 722.0 77.0 oi una voz de mujer que decia

132.0 1542.0 1290.0 94.0 –"Hija mia! ¡anjel de mis glorias! ¡podrás abandonar¬

29.0 1591.0 596.0 77.0 nos!.... Julia.... Julia!...."

125.0 1639.0 1297.0 90.0 –Al oir esto salí de mi.... todo lo habia comprendido

33.0 1697.0 1391.0 88.0 .... corri al cuarto dormir.... atravecé todos aquellos don¬

26.0 1745.0 1381.0 95.0 de no encontré á Julia.... al fin entré al suyo....: ¡oh

29.0 1793.0 1393.0 97.0 Dios del Cielo!! tendré fuerza para continuar y trazar el

24.0 1850.0 1391.0 91.0 cuadro dolorido, que sorprendió mi vista en ese instante?

27.0 1898.0 1395.0 91.0 ¡ay amigo! ¡ay Carlos!.... el cuarto estaba obscuro, una lám¬

27.0 1951.0 1394.0 86.0 para lo alumbraba tristemente, los movimientos de su luz du¬

24.0 1997.0 1397.0 94.0 dosa hacian aparecer los objetos como figuras sepulcrales que

23.0 2051.0 1396.0 91.0 bailaban misteriosamente á la sombra de las tinieblas; la ca¬

21.0 2104.0 1398.0 84.0 dencia del péndulo gótico que habia en una esquina del cuar¬

21.0 2152.0 1392.0 96.0 to parecia llevar el cimétrico y unísono compaz de ese bay¬

21.0 2203.0 1394.0 98.0 le de expectros!.... ¡Julia.... mi amiga.... tendida sobre su ca¬

21.0 2257.0 1388.0 130.0 ma ya no hablaba; su cuerpo estaba cubierto de manchas
