1597 2628
676 59 131 70 (27)

39 118 1397 76 los hábitos son iguales á los que tomamos por modelo; y que

40 162 1394 78 en ese caso son indispensables ciertas alteraciones, sin las que

40 208 1394 82 la mas bella teoria se hace absurda..., estas alteraciones las

40 259 1393 87 hicieron los representantes del Gran Congreso con un tino ad¬

46 319 998 73 mirable y que hará eternamente su elojio.

140 362 1294 83 Uno de los mas bellos resultados del Congreso fué el tra¬

40 413 1394 80 tado de Alianza Americana ofensiva y defensiva.... por ella

42 467 1392 79 quedaba la América unida en intereses, y semejante en algun

42 519 1391 81 modo á la célebre confederacion germánica; quedabɐn sin em¬

43 572 1207 74 bargo sus gobiernos en la mas plena independencia.

131 614 1303 85 Cuando el antiguo mundo, cuando la orgullosa Europa le¬

42 670 1394 80 yó nuestro Gran Congreso Americano, nos contempló admira¬

39 721 1395 79 da! y uno de sus mas grandes escritores dijo: "Las glorias de

45 770 1391 79 "la Europa, han cesado amigos.... la época de las grandezas

43 823 1387 79 "acaba de empezar para el mundo de Colon!!! contemplemos¬

42 877 999 74 "la en silencio, y saludemosla con respeto"!!!

127 924 1307 76 La Rusia, la Francia, la Austria, la España, la China, la

39 975 1395 84 Inglaterra y demas naciones grandes de Europa y Asia nos

40 1026 1394 82 vinieron á felicitar por medio de una Escuadra Diplomatica á

40 1077 1394 83 la que cada una de ellas mandó un navio expléndido.... á

42 1128 1391 79 su llegada á Lima que fué el primer puerto que visitaron (por

45 1179 1385 82 haberse reunido en él el Gran Congreso) enarbolaron sus pabe¬

43 1232 1388 80 llones y embellecieron nuestro lindo estanque de Monserrat,

45 1281 1381 85 poco despues cubrieron el cielo con las nuves de fuego y hu¬

43 1334 1388 79 mo que formaron los cien cañonazos con que nos saludaron!

46 1382 1387 80 ¡que espectáculo tan bello, tan grande y magestuoso!!! la vieja

50 1438 1376 73 y orgullosa Europa se habia reunido para venir á tributarnos

43 1493 1388 76 la primera un culto de admiracion y respeto.... nos aca¬

48 1547 830 69 baba de recenocer por sus iguales!!!

137 1588 1293 76 La comision bajó á tierra, y despues de haber sido re¬

37 1635 1394 80 cibida en el palacio de las Leyes con todo el aparato que la

37 1692 1394 80 circunstancia requeria; pronunció el embajador de Francia á

40 1743 1390 74 nombre de la comision, un discurso, corto, elocuente y afec¬

40 1797 1388 70 tuoso: el que fué contestado en términos enteramente iguales;

46 1841 1385 84 .... en seguida el embajador Ruso ofreció á nombre de la

40 1895 1388 83 comision un hermoso escudo de oro, adornado de piedras pre¬

40 1947 1388 76 ciosas; en su centro se hallaban dos globos, en el uno esta¬

42 1995 1389 79 ban figuradas con diversas piedras ricas, las armas de todas

39 2048 1391 71 las secciones americanas: en el otro, las de todas las nacio¬

39 2098 1392 77 nes que tenian un representante en la comision; ambos glo¬

39 2150 1391 79 bos estaban unidos por lazos de laurel y mirto.... y cicum¬

40 2200 1387 83 balados por la siguiente inscrípcion, la que tenia por extremos

39 2255 1284 118 dos manos que se unian para formar el circulo perfecto.
