1611 2621
681 56 81 77 (9)

128 100 817 86 ¡Jesus, que loca! vean.... por Dios!

128 132 1299 105 Precipitarme y salvar á Julia cuyo caballo alborotaban

32 203 1389 89 infinidad de perros, fué un deber de galanteria que pronto

33 267 262 72 desempeñé.

135 307 1002 81 Julia me dió las gracias; yo la saludé.....

131 359 1296 82 ¡Ay Carlos!! me acabarás con tus reprensiones: no se ami¬

42 410 1386 82 go, si fué el aire del campo, los ojos picarones de Julia, sus

39 461 1391 86 mejias ajitadas, su pelo en desorden, lo que me conmovió en

40 515 1390 79 ese momento, ó si su amazona color de piel de Almendra,

40 567 1390 78 el Petit que ajustaba primorosamente su cintura de serpien¬

42 614 1391 82 te, y que mantenia en cadencia las palpitaciones de su pecho

42 665 1391 79 de 15 años, su gorrita echada sobre el riso izquierdo me la

46 716 1387 86 poetizaren en ese instante; lo que puedo si asegurarte es que

49 771 1387 80 yo sentí en mi corazon un no sé qué muy dulce, un no sé

45 828 1394 76 qué que me decia misteriosamente Artur ya amas, Artur ya

45 875 1391 83 eres amado!!! ay Carlos que momento, que momento!.... ¡que

46 928 896 76 dulce es la vida humana, no es verdad?

145 972 1294 85 Julia y yo nos reunimos á su familia, y nos ocupamos

48 1033 837 72 en observar la comitiva Silvestruna.

141 1064 1301 95 Da. Silvestra es una de aquellas señoras Patriarcales que

52 1131 1390 77 conservan con rijida exactitud las costumbres de sus abuelos;

52 1182 1391 76 las mismas horas para comer, el mismo modo de andar, de

52 1230 1394 80 hablar y de estornudar que su señora tia abuela, madrina de

49 1281 1393 81 oleo &a; regenta, oidora ó cosa parecida del siglo XVIII; por

53 1338 1391 68 supuesto estas hacen una especie de sociedad aparte entre sus

55 1384 1389 79 semejantes, y el examen de ellas será eternamente un tipo

55 1435 1394 76 exacto de las costumbres pasadas.–Esta Da. Silvestra es una

55 1486 1392 76 de ellas, asi como su marido D. Gaetano, ochenton gotoso,

58 1536 1389 84 pero dos años menor que ella; tienen tres hijas; la niña Ig¬

58 1595 1391 75 nacita, y la niña Jesucita; la mayor que es la Ignacita cuen¬

59 1649 1393 70 ta sus cuarenta y tres navidades á cuestas y ademas de esta

59 1694 1391 78 carga ya tan pesada, lleva cuatro dientes postizos, una tren¬

59 1747 1391 73 sa de pelo, media docena de rizos y un frasquito de agua de

61 1793 1394 81 rostro; no se ha casado por no malograr su juventud y con

59 1849 1396 75 la frente altiva espera aun hacer dos docenas de conquistas;

62 1900 1394 68 un traje verde con flores punzoes y amarillas encierra una

59 1946 1399 79 enorme redoma [he querido decir un cuerpo] rellena de fus¬

61 1997 1398 82 tanes, camisas &. &; dos mil perlas comó frijoles le atan el

62 2054 1397 76 cuello, dos calabazas de coral cuelgan en sus orejas, y todo

64 2106 1395 73 esto va sostenido por dos pies derechos riveteabos, de me¬

64 2156 1398 77 dias de sarga y de zapatos de razo verde. Jesucita que es

65 2206 1397 90 menor de treinta años que su hermana, lleva la misma librea

1116 2269 42 47 2
