1622 2621
731.0 61.0 93.0 52.0 (13)

75.0 88.0 1395.0 88.0 y le propusieron á Antuca cantar un terceto sentimental; ella

68.0 147.0 1400.0 84.0 lo aceptó con la condicion de echarles despues á cada uno

72.0 211.0 308.0 61.0 un responso.

155.0 244.0 1315.0 80.0 Debo confesar que la conducta de estos barones, me afli¬

67.0 299.0 1404.0 86.0 jió; todo lo que tiene de respetable á mis ojos el sacerdote

68.0 353.0 1400.0 80.0 que desempeña su mision santa segun la escritura; tiene de

69.0 406.0 1399.0 73.0 indigno y escandaloso el que sin verguenza ni pudor, escan¬

71.0 455.0 1399.0 82.0 candaliza á los hombres saliendo de los decorosos límites que

69.0 511.0 1252.0 74.0 le traza la esfera de sus nobles y respetables deberes!

132.0 554.0 1347.0 82.0 Estas reflexiones me volvieron á mi negra melancolia;

69.0 608.0 1407.0 83.0 Julia tambien se puso triste; esta sensacion dió á sus ojos

72.0 661.0 1405.0 80.0 una expresion de suave dulzura que no pude dejar de admi¬

80.0 714.0 1144.0 75.0 rar,.... yo no sé qué encontré en ella de Delia!

180.0 761.0 1297.0 82.0 –¡En qué piensa U. señor Artur, ¿por qué está U. tan

85.0 821.0 633.0 65.0 triste? me preguntó ella.

180.0 866.0 1102.0 77.0 –Jamas lo podré decir, Julia! sobre todo á U.

180.0 918.0 1299.0 83.0 –Hace U. bien, pues seria escusado el decir lo que tan

84.0 975.0 514.0 71.0 facilmente se adivina.

193.0 1022.0 1289.0 81.0 –¡U. adivina, Julia! ¿y en qué cree U. que yo pienso;

193.0 1080.0 752.0 61.0 –¡No es por ventura en Delia!

186.0 1125.0 1297.0 73.0 –Del....!; dije y no pudo acabar; algunos momentos que¬

85.0 1175.0 1400.0 78.0 damos en silencio... Julia suspiró, alcé la vista; sus miradas tenian

88.0 1226.0 1395.0 78.0 toda la expresion melancólica de Delía, el dia que nos separamos:

87.0 1282.0 584.0 72.0 mi corazon se estremeció!

174.0 1327.0 1223.0 79.0 –Julia, por qué suspira U.? le dije afectuosamente.

185.0 1380.0 1300.0 77.0 –Por nada! y sus ojos se clavaron en mi, con una fuer¬

94.0 1437.0 315.0 71.0 za magnética.

179.0 1482.0 1310.0 81.0 –U. me engaña! digame lo que piensa, crea que soy su

94.0 1544.0 417.0 63.0 verdadero amigo.

186.0 1584.0 1301.0 86.0 –Yo nada pienso... ¿digame U. señor Artur muy lin¬

90.0 1639.0 329.0 67.0 da era Delia?

190.0 1675.0 1299.0 92.0 ¡Un anjel!.... veala U.; y saqué de mi pecho una hoja de

93.0 1745.0 695.0 70.0 marfil donde llevaba su imajen.

189.0 1788.0 1301.0 75.0 –Ay!.... que bella.... como la hubiera conocido.... yo

94.0 1841.0 1393.0 78.0 la habria amado mucho.... mucho lo debió á U. querer?....

99.0 1901.0 109.0 66.0 no?

201.0 1948.0 1275.0 73.0 ¡Sabia que yo la amaba con respeto y con tǝrnura....

187.0 2000.0 892.0 70.0 –Mucho la amaba U., no es verdad?

204.0 2045.0 1289.0 76.0 –¡Si.... la amaba como los antiguos peruanos al Sol,

99.0 2098.0 1400.0 75.0 como el recien nacido á la madre que le sonrie, como la abe¬

100.0 2150.0 1387.0 76.0 ja á la flor mas pura.... como los hombres á la felicidad....

100.0 2208.0 1385.0 72.0 la amaba, porque era como tu Julia: joven y bella, noble y

111 2262 1126 175 virtuosa; intelijente y amable; induljente y fiel....
