1586 2645
829 110 52 57 (16)

210 166 1315 60 Despues de encenderlo se acomodó en mi sofá anticua¬

127 207 1400 66 rio, descubrió las cortinas de la ventana, y se puso á ver el

130 255 158 106 canal.

219 304 931 73 –Que golpe de vista tan lindo, Artur.

157 360 1314 67 –No es malo; pero mas bonito es el de Amancaes.

160 408 1368 75 –¡Ah! aproposito de Amancaes.... ¿que arrebato le dió

135 454 332 66 á U. ayer?

155 509 1360 72 –Uno.... señor.... que....... solo da una vez en la vida!

230 567 591 63 –En Amancaes, esto es.

147 603 845 82 –Como U. quiera. buen amigo.

235 670 1299 69 –Bueno, bueno, pero vamos á esto, que cosa es esa que

129 717 720 66 solo da una vez en Amancaes?

136 768 1398 71 –Una cosa...... que no tiene nombre en ningnn idioma

129 819 1405 71 humano, razon por la que me será imposible satisfacer á U.

307 874 1226 69 Y si yo le encontrase nombre Artur? me diria U. la

136 888 172 95 verdad?

136 969 794 69 –Sin duda que...... si...... señor.

201 1022 1330 71 –Vamos al grano, amiguito, á mi edad no se anda por

130 1080 1403 63 las ramas, ya está uno calmado para trepar alturas;... que le

132 1127 610 69 parece á U. mi bisnieta?

136 1175 1400 78 –Señor.....me parece que hay preguntas que son escu¬

130 1229 1407 69 sadas: ¿ahora permitame U. señor y amigo, preguntarle á mi

135 1285 1395 69 vez, en que puede á U. interesar mi opinion sobre la seño¬

127 1326 274 73 rita Julia?

209 1379 1326 80 –¡Toma! en que! en que es mi visnieta y debo saber

135 1435 598 68 todo lo que á ella toque.

222 1485 1313 68 –Pues que U. lo quiere, diré que me parece adorable!

231 1529 942 84 ¿Pero no vale una Delia; no es asi?

229 1584 1306 71 –No puede valer ni menos, ni mas que una Delia; porque

135 1642 1401 68 ☞tanto en lo fisico como en lo moral son identicamente

135 1689 204 69 iguales.

179 1741 1361 70 –Siendo tan identicamente iguales, iguales deben ser las

130 1787 540 71 simpatias que inspiren.

252 1851 712 62 –U. lo ha dicho buen amigo.

224 1895 1311 71 –Ergo.... deducit.... de todo esto, que U. que se moria por

134 1950 618 66 Delia, se muere por Julia.

275 1996 208 67 –Señor....

154 2049 1383 72 –El Señor está en los cielos amigo.... dejemonos de eso

143 2096 878 83 y al grano; es, ó no es lo que digo?

249 2157 437 60 –Pues bien.... si...

236 2199 963 77 ¡Consequentian!!.... ya debia esperarse....

276 2257 1260 66 –Si esto le ofende á U., amigo y señor, una palabra de

138 2307 1402 110 U. bastaria para no volverme á acercar á la señorita Julia.
