1586 2696
833 103 97 67 (28)

274 158 1282 78 "La Europa y la Asia admiradas saludan con respeto á la

179 202 398 64 "América unida."

250 247 1304 85 Esto pasaba en 1856: la patria, la América, ocupaba un lu¬

161 299 1396 88 gar distinguido en el mundo.... sin embargo esto no era

158 354 1398 84 aun todo; el destino llamaba al Perú á cosas mas grandes;

154 401 1399 87 dos años despues él sorprendió de nuevo á la Europa.... y

155 450 1404 89 á la América misma.... Un grande acontecimiento acababa

152 504 1404 84 de tener lugar.... el mundo tembló.... el aspecto del Perú

160 552 1397 87 conmovió los Andes y el Chimborazo.... las cuatro partes

152 608 1404 83 del mundo se arrodillaron y saludaron con admiracion al mas

154 659 1402 85 grande imperio del mundo!!!!!* las Piramides de Egipto aca¬

154 708 730 75 baban de aparecer en el Perú!

260 760 1293 83 –¡Dios mio! ¡lo que es el destino! quien lo hubiera crei¬

152 805 483 68 do ahora 100 años!

245 861 1311 88 –No digo creido, Artur, pero ni imajinado; los hombres

151 921 1403 73 nacian entonces acostumbrados desde el seno de su madre á

149 966 1402 85 la servidumbre y la desgracia; no tenian á la vista el ejem¬

149 1012 1401 84 plo de grandes acciones, ni la curiosidad para leer las pasa¬

149 1067 1402 87 das, en otros siglos y en otras naciones; muy pocos sabian

146 1117 1404 88 el orijen de Roma; ni por sueños recordaban de qué y como

146 1165 1404 87 se formó Venecia; de el orijen de Rusia jamas habian oido

145 1219 1400 87 hablar §, y sin embargo tenian una imajinacion poderosa y

146 1271 1404 87 sublime, recursos abundantes é inagotables, solo les faltaba una

148 1318 752 80 cosa....enerjia y voluntad!....

247 1370 837 79 –Pero en fin.... ya no es así....

262 1421 1282 91 –Por eso lo digo Artur.... porque si antes fueron dig¬

145 1476 1400 83 nos de lastima.... hoy exitan la admiraciou jeneral!!!.... pero

142 1523 1403 90 mi amigo ya son las 10..... y estoi fatigado..... una de las

145 1586 1399 75 cosas que creo me prolonga la vida es el metodo ar¬

142 1623 1396 94 reglado que he tenido y tengo para todas mis acciones........

145 1679 904 82 por hoy basta.... me voy á la cama:

257 1729 1285 90 –¡Gracias amigo! no vaye á ser esto causa de enferme¬

149 1773 1084 88 dad para U: un favor si le voy á pedir....

263 1833 357 72 –¿Cual Artur?

250 1884 1292 88 –Que en la proxima ocasion que U. me hable sobre la

142 1939 1400 87 patria me permita traer un lapiz y papel, asi como hacerle

254 2033 348 69 *En lo futuro.

242 2086 1302 85 § Las personas de educacion é instruidas deben comprender

137 2131 1407 90 que no es mi animo el dirijirme á ellas al hacer estas observaciones–

137 2179 1407 91 á esa gran masa de peruanos á la que las guerras civiles y destruc¬

134 2230 1405 97 toras sume en la miseria, el servilismo y la ignorancia, es á las que

137 2279 539 90 me contraigo en este caso.
