1607 2621
669 69 157 77 (29)

61 129 1394 70 algunas preguntas. porque todo lo que U. me ha contado es

61 177 1263 69 muy interesante para mi, y mi memoria no es buena:

157 225 1297 74 –Mire U. Artur.... mejor será que en adelante tenga¬

61 276 1393 69 mos un dia fijo para esta conversacion; U. traerá papel y la¬

64 329 1392 72 piz para hacer sus notas, y yo.... pero no: mejor será esto

65 380 1391 67 otro; fijemos el dia... y los papeles que ya son de U. por

65 432 1387 71 haberselos ofrecido los traigo, ellos me sirven para ser exac¬

69 483 1376 70 to en lo que diga, y al paso que se los voy á U. esplican¬

68 535 1381 70 do y anotandolos, se los va U. llevando para aumentarlos a

69 585 690 62 sus observaciones particulares.

161 624 1180 85 ¡Corriente, magnifico! me llena U. de gusto señor!

163 688 1285 70 –Me alegro.... oiga U: empezaremos de nuevo, Artur,

71 736 543 70 para hacerlo en orden.

171 789 873 61 –Eso es miel sobre buñuelos, señor.

166 840 1285 70 –Bueno, bueno; v ahora buenas noches, hasta mañana.

160 891 1291 71 –Mi amigo se retiró, poco despues me despedí; fui á mi

72 943 821 63 habitacion y dormí con feliz sueño.

174 982 1281 85 ....Tres dias despues me dijo mi amigo cuando llegué

71 1044 191 61 á verlo.

160 1102 1296 70 –Albricias D. Artur.... el dia grande es pasado mañana....

154 1147 1075 68 –¡Repitamelo U., señor, para oirlo otra vez.

160 1199 1295 69 –Pues si señor, mañana tendremos un Bailecito de con¬

69 1247 1382 70 fianza... y pasado mañana.... en la Merced á las 12 del

69 1297 1383 70 dia quedarán UU. unidos de una vez: Julia lo ha dispuesto

71 1352 1380 73 asi, tiene un talento esta muchachita!!! y amigo es preciso dar¬

72 1400 216 66 le gusto.

183 1451 1266 75 –¡Darle gusto! ¡oh! amigo crea U. que mi vida la con¬

68 1504 828 65 sagraré tan solo á ese dulce deber!

170 1555 1282 72 .... Ese dia no tuve fuerza para ver á Julia, ella tampoco

68 1606 1383 69 vino al cuarto del anciano: al siguiente dia volví á ver á mi

65 1655 1384 74 amigo, tampoco vi á Julia; estuve conversando con él sobre

71 1706 1381 74 varias cosas referentes á Julia y á mi: él quedó satisfecho

68 1760 1384 74 de mi.... yo oí con gusto sus consejos.... juntos comimos en

68 1808 1386 77 su cuarto.... á las seis de la tarde me fui á vestir y prepa¬

68 1856 661 70 rarme para volver al Baile.

163 1913 1289 67 A las ocho de la noche volví... varias calesas y coches

65 1959 1386 75 habia á la puerta.... entre.... los salones estaban ilumina¬

65 2012 1386 77 dos.... una concurrencia elegante, respetable y amable era

67 2066 1384 74 el mejor adorno que tenian.... y el unico que llamó mi aten¬

67 2117 1384 68 cion; mis ojos buscaron al momento á Julia.... ¡que divina

67 2165 1384 78 estaba! se habia vestido con su traje de novia.... él era de

69 2217 1379 79 velo blanco bordado de seda del mismo color, por debajo te¬

69 2271 1382 122 nia un viso de raso blanco; una esclavina de tul talqueada con
