1586 2681
825 90 111 64 (30)

153 148 1397 59 raso celeste era el adorno que apenas cubria su cuello de cis¬

156 187 1394 69 ne.... en su cintura tenia fijada una rosa blanca debajo del

155 238 1396 70 corazon; su pelo echado atras formando lazos y crespos divi¬

155 291 1398 66 nizaba su espalda y dejaba ver su frente de alabastro; una

152 341 1410 65 rosa alejandrina formaba como un claro oscuro por el lado

150 391 1397 69 izquierdo de su cabellera; en su frente brillaba un corazon¬

150 448 1397 59 cito de brillantes.... solo una creacion de la imajinacion de

155 494 1392 70 Biron podia dar una idea algo exacta de Julia en esa noche;

150 545 1397 70 me acerqué á ella y la saludé con una commocion que creia

152 604 1395 58 morirme.... sus ojos me dieron animo, ellos me dijeron ¿te

152 647 1395 72 amo, Artur, no eres feliz? poco despues me dijo que fuera

150 700 1395 67 amable y que bailase con todas... y yo la obedeci.... y con

152 755 1392 58 todas bailé....; al fin me tocó salir con ella en una cua¬

150 808 240 55 drilla....

268 840 1275 82 .... Oh! Carlos mio! ¿con que palabras te expresaré la

147 904 1395 68 felicidad que yo sentí al tomar su mano?.... no las eucuen¬

152 958 733 65 tro.... me es imposible hacerlo.

229 1005 1310 64 Concluida ésta fui á mi asiento, observé la reunion que

149 1060 1395 63 habia en el salon y me complací en hacerlo; que jovenes tan

147 1109 1398 70 elegantes, tan amables y tan respetuosos; cuan distinguidas

146 1160 1398 64 eran sus modales, cuan nobles y espresivas sus miradas, cuan

147 1212 1400 62 amena é interesante su conversacion! el examen de ellos me

146 1261 1399 66 hizo exclanar "con tan brillaute juventud la Patria sera siem¬

146 1316 1399 70 pre feliz!".... ¿y las jovenes? que lindas, que candorosas que

144 1365 1401 66 modestas que amables! oh! eran preciosas.... su vista me re¬

144 1419 1403 64 cordó á las virjenes puras del templo de Vesta! y á todas

144 1467 1137 59 las amé.... como un hermano como un amigo.

248 1516 1299 67 A las 12 de la noche se marchó la concurrencia: me

140 1565 1401 74 quede solo; un rato despues me preparé á marchar, presenté

141 1620 1403 67 mi mano á Julia y se dignó darme la suya.... Adios! le

141 1671 1404 67 dije.... Adios, me contestó.... ese era el ultimo que debiamos

140 1723 1401 61 darnos.... unas horas mas y ya nunca debiamos separarnos....

141 1773 1404 72 ¡cuantos misterios no encerraba en esa noche esa palabra, ese

141 1826 1404 67 ultimo.... Adios!!! ay! mil hojas de papel se agotarian antes

144 1879 1401 66 que expresarlo enteramente. En fin.... me arranqué de Julia....

147 1923 351 67 y me fui....

255 1970 1281 76 .................................................

149 2034 1396 57 ........ ¡Ay amigo, ay Carlos! veinte dias se han pasado sin

140 2082 1404 68 poder tomar la pluma para continuar esta carta; sucesos tan

140 2134 1404 67 raros y grandes han tenido lugar para tu amigo, para el po¬

140 2183 1402 69 bre Artur!!! ya soy feliz.... ya soy desdichado.... vas á sor¬

141 2231 1400 77 prenderte.... Julia ha muerto!!! si amigo! Julia ya no existe so¬

140 2289 1395 98 bre la tierra, ya no habita entre nosotros!.... el dia destina¬
