1607 2621
690 24 94 83 (5)

39 93 1387 62 la muerte cuanto antes separarnos, pueda la tumba encerrar¬

37 142 1400 63 me pronto y ocultarme á sus ojos..... allá Artur, allá iré á

39 186 1403 70 esperarte en la mansion eterea... pueda.... Dios mio! piedad

37 240 1406 67 señor! piedad! que es lo que digo; yo lo amo, es mi marido,

32 292 1205 66 es mi esposo; ay! Artur, Artur, cuanto me cuestas!

74 342 1356 68 ............Cuanto diera amigo mio por poder verlo

37 393 1405 67 á U. sin ser vista, al tiempo que lea esta carta; cuanto die¬

39 451 1400 63 ra por hacerle comprender los pensamientos que mi pluma

40 503 1400 59 traza obscuramente; ¡amigo mio! trate U. de adivinarme, tra¬

42 546 1390 71 te de comprenderme y no crea ¡por Dios! que yo lo des¬

43 597 348 68 precio........

71 650 1368 64 ............ Adios Artur, adios amigo tan querido; yo bogo

40 703 1397 65 asi á mi destino y cada instante que pasa me aleja de ti; mis de¬

40 752 1400 67 beres me llaman hácia al Norte, la distancia que va á separarnos

40 802 1402 68 será incomensurable.... y su termino probablemente... eterno!!!

67 856 1366 62 ............ Vive seguro Artur mio que el recuerdo de

40 907 1392 68 haberte conocido será siempre grato á mi corazon, asi como

48 955 1334 67 el dolor que tu ausencia graba en él........

147 1007 1283 69 ........ Vive feliz Artur.... no olvides á esta nueva

45 1049 1390 76 hermana que pensará diariamente en ti, que siempre elevará

45 1111 1392 68 suplicas al cielo por tu felicidad...... y.... si es verdad que

46 1160 1391 64 hay un lugar donde despues de esta vida se reunen las al¬

48 1215 1385 70 mas... en ese caso Artur, yo seré feliz, porque nuestra se¬

45 1266 602 64 paracion no será eterna!!!

120 1306 317 76 ¡Adios! Delia.

118 1367 1322 67 La lectura de esta carta, Carlos, conmovió cruelmente las

45 1416 1400 69 arterias de mi corazon; mi sangre afluyó así á él con una

45 1467 1395 66 fuerza electrica; de mi pecho se escapó un ronco é involun¬

46 1520 1400 68 tario gemido; mi cabeza la sentí abrasada por un volcan de

46 1568 1396 75 fuego; los objetos de que me hallaba rodeado los desconocí;

45 1626 1391 61 me arranqué el frak, me despedazé la camisa, tome mi taja¬

46 1675 1393 66 pluma y lo introduje sin piedad en mi brazo izquierdo, me

49 1731 1387 62 puse á grabar sobre mi sangre el nombre adorado de Delia....

49 1779 1388 62 ya nada sentia.... ya nada esperaba.... ay! amigo! ya esta-

46 1828 1389 70 ba.... loco!!!–si... loco!.... pero de amor!!!........ despues

46 1875 1393 76 he visto esas señales que siempre quedarán grabadas sobre

46 1930 1391 69 mi cuerpo.... en ellas se leen bien claras estas palabras que

46 1983 1386 62 solo pudiera trazar el noble instinto de una alma apasionada....

119 2034 1318 62 "¡Delia! lei....; te comprendo: nunca jamas amaré sobre

50 2088 1389 64 „la tierra; tu nombre pronunciado al nacer, al retirarse el

50 2139 1386 67 „sol.... será el méteoro que ame...; allá!.... si allá! la eter¬

48 2187 415 69 „nidad nos unirá!!!"

914 2242 254 170 ARTUR
