1613 2625
682 56 118 78 (21)

42 134 538 45 de tal modo era pura....

134 157 1295 77 ¡Oh! no ¡anjel del cielo! no me has ofendido... te comprendo...

132 214 1300 76 –Algun tiempo despues me acerque á Julia, y le di las

40 266 708 73 gracias con solo estas palabras.

137 316 1298 71 –¡"Gracias Julia! en este mundo material.... Artur te acom¬

40 367 1392 74 pañará, hasta en la tumba.... cuando tu alma, que yo adoro, vuele

40 417 1393 75 asi á las celestes rejiones, la mia depurada por el contacto de la

42 468 1388 75 tuya.... alli tambien te seguira.... no es creible que el eterno pre¬

49 522 656 67 tenda entonces separarnos!....."

109 571 1326 72 Desde ese dia todo me sonreia; la tierra toda me pa¬

46 621 1387 73 recia hermosa, el cielo aun mas bello, los hombres seres

46 675 1387 71 que inspiran amor;.... mi amigo se ocupaba de nuestra union;

48 724 761 69 vo vivia feliz con la esperanza!...

132 758 1300 90 siete dias despues se reunieron en el salon de la casa de

45 825 1384 79 Julia, un escribano, sus parientes, y yo.... ademas cuatro ami¬

48 879 1384 71 gos intimos de la casa: nuestras fees de bautismo y otros pa¬

48 927 1387 73 peles indispensables estaban sobre la mesa–el escribano nos

46 978 1390 70 tomó el consentimiento despues de haber tomado el de los pa¬

45 1031 1388 72 dres de Julia; en seguida redactó el contrato; firmaron en el

48 1080 1388 73 los padres de Julia y los amigos que hicieron de testigos, des¬

48 1131 1388 75 pues.... firmé yo... –Julia tomó la pluma y con gracia y claridad

51 1179 1385 75 puso Julia di Volci.. su padre era italiano... –despues soltó

51 1232 1385 77 la pluma y me ofreció su mano, el dedo se le habia man¬

48 1284 1389 70 chado con tinta, esa mancha tambien manchó al mio; esta

48 1332 1389 78 pequeñez me alegró, me parecia que ese era un sello de mas

49 1386 1387 72 puesto á nuestra union... asi somos los hombres, en la felici¬

48 1437 1389 73 dad, todo lo hacemos contribuir á aumentarla; las cosas mas

52 1488 1135 70 triviales nos aflijen igualmente en la desgracia....

147 1534 1292 77 Bien decia la inimitable Stael cuando escribia que Dios nos

52 1588 1390 75 hace entrever las delicias celestes, permitiéndonos amar en los pri¬

52 1642 1387 67 meros dias de la vida; estas palabras hasta entonces tenian pa¬

52 1690 1387 74 ra mi un sentido indefinido... el amor á Julia me las hizo com¬

56 1742 1384 69 prender con mas claridad que lo habria hecho el mas elo¬

53 1792 1387 71 cuente discurso de Ciceron ó de Plutarco; y á la verdad, yo

53 1844 1387 72 habia leido algunos autores célebres, y confesaré que á mu¬

53 1897 1387 70 chos de ellos no los habia comprendido: mas de una vez me

55 1942 1384 76 habia reido del Taso, de Virgilio aunque clasico antiguo, ha¬

52 2000 1388 69 bia tratado de loco á J. J. Rouseau; Biron me parecia un

53 2048 1383 72 niño....en fin á todos los encontraba bellos y admirables....

56 2098 1386 74 pero á ninguno claro é intelijible.... el dia que amé á Julia

58 2151 1384 72 mi opinion sobre todos ellos varió.... como la noche mas obs¬

55 2202 1382 74 cura.... al aparecimiento del relampago! como el dia mas ca¬

62 2256 1215 164 loroso.... á la entrada de una noche refrijerante!....
