1568 2656
813 122 56 55 (18 )

293 180 1229 57 –¡Voi á decirlo: Artur es un joven de merito, quiere

131 206 1391 83 á Julia, tiene talento, juventud y alguna fortuna; sus costum¬

132 267 1391 75 bres son ejemplares; es desgraciado porque cien años de au¬

126 317 1396 74 sencia lo han dejado sin familia y sin amigos.... á su edad la

129 365 1396 71 vida se hace odiosa sin tener á quien amar, hagamosela mas

128 414 1397 71 llevadera dandole á Julia; ¡cuanto no se elevarán con almas

128 467 1397 80 tan intelijentes como las que Dios les ha dado, con corazones

128 525 1395 72 tan puros, con tan brillante edad: ea, señor, una buena reso¬

128 568 899 79 lucion y unirlos; que te parece Julia?

261 618 1261 81 –Pero señor [dijo el amigo de D. Prospero] la opinion

126 678 1397 71 mia no es esa, y pues que se me ha llamado para darla, de¬

126 724 1396 74 bo decir que primeramente D. Artur es un muchacho, que

126 783 408 71 no está formado.

265 817 1257 83 –Vaya que la idea es pieza! ¿le falta acaso algun col¬

124 870 1398 84 millo? ¡no está formado! ¿y a que edad quiere U. que se for¬

124 928 1228 78 me á los 50 años? sepa U. mi amigo que á los....

256 976 1266 80 –Pero señor dejeme U. por Dios acabar, despnes dirá

126 1021 440 87 U. lo que quiera.

262 1072 1010 80 –Diga U. cuanto se le venga á la memoria.

228 1134 1291 68 –Ademas de ser muchacho, en las pocas veces que lo

121 1176 984 79 he tratado lo he juzgado por un.... loco!

234 1235 1286 73 –Basta, amigo, dijo el anciano; para hablar candideces

121 1283 1399 80 hay tiempo, con tales premisas, se le puede á U. dar gracias

124 1335 1393 78 por las consecuencias; la opinion de U. y la de todos no me

121 1389 1395 74 importa nada; y mi conclusion es de que amando Artur á

121 1441 1395 75 Julia y estando correspondido, no permitiré la desgracia de

121 1491 1395 74 ambos separandolos; soy viejo y conozco el mundo, tengo mo¬

121 1543 1396 71 tivos para hablar con fundamento, separarlos ya, seria el prin¬

119 1596 1335 72 cipio de graves consecuencias; yo resuelvo, pues, unirlos.

256 1640 1260 80 –Pero señor, observe U. que.... [dijeron á un tiempo

118 1690 1082 80 el padre de Julia y el amigo de D. Prospero]

267 1747 1249 73 –¡Silencio señores! el asunto es mio, les prohibo á UU.

121 1795 1271 74 tomar parte en él; [dijo el anciano sin dejarlos acabar]

225 1845 1288 74 Todos se salieron uno á uno; Julia y mi amigo se que¬

116 1901 287 82 daron solos.

227 1941 1286 84 –Con que, hijita, estás contenta? si.... ó no; si quieres que

118 2003 714 74 no suceda todavia hay tiempo.

234 2048 1279 79 –Al contrario papacito, doy á U. las gracias por que ha

118 2101 1393 75 colmado los votos de mi corazon; le aseguro á U. que cuan¬

115 2148 1396 84 do oí hablar á D. Tadeo temblé, me parecia que me hundia....

255 2203 1255 70 –¡Pobrecita! pues no te hundiras..... yo te lo aseguro; D.

122 2256 1386 88 Tadeo es hombre bueno y apreciable, te quiere, pero no co¬

116 2307 557 90 noce á Artur como yo.
