1586 2660
835 99 79 63 (12)

144 155 1397 66 del Señor que se halla en un oratorio de la izquierda; des¬

143 198 665 65 pues nos pusimos a esperar.

243 242 1300 81 Al cabo de una hora pasó en desfilada toda la jente,

144 294 1399 81 y veinte minutos despues, los vimos colocarse al pié del úl¬

141 345 1406 80 timo cerro: dirijimos nuestros caballos por el mismo rumbo;

138 399 1411 75 formamos pabellones á catorce varas de distancia! nuestro sir¬

143 446 1403 80 viente nos puso en el suelo un mantel; sobre el, colocó un

141 498 1403 82 jamon del Norte perfectamente preparado, un par de lenguas,

141 554 1409 75 un salchichon de Jénova, un buen queso mantecoso, algu¬

137 602 1404 82 nas frutas y un poco de vino; por supuesto teniamos pan

149 657 1394 74 y biscocho, esto, nos pusimos en el deber de atenderlo in¬

140 701 1400 82 continentemente; teniendo el apetito excitado por el aire pu¬

141 755 1353 79 ro del campo, y por la hermosa vista de que gozabamos!

297 809 1244 77 –¡Siempre ha de ser picaro el borracho de Juancho! pues

140 857 1406 81 es idea ir á cocinar á la pólvora, sabiendo que el paseo

146 905 380 67 es á Amancaes.

251 956 1292 84 –Pero señorita, dijo Antuca, ño Juan nunca ha venido

140 1006 866 78 á Amancaes, le dirian que allí era.

246 1059 1301 83 –Fray Jerundio, vaya U. por Dios á llamarlo, Jesus,

140 1112 1355 79 Jesus; no me meto en otra; estoy sofocada que me ahogo!

240 1165 1304 80 Fray Jerundio metió espuela á su rosinante y dos ho¬

141 1219 1248 78 ras despues llegó con Juancho y con las provisiones.

269 1267 1257 83 –¡Bueno, ya está todo aquí! en fin!–pero no.... ¿y

143 1313 733 77 Luis ha venido con el agua?

249 1363 837 80 –Hay lo diviso que llega, señorita.

243 1415 1304 87 En efecto, Luis venia jugando con su palo sobre el bur¬

143 1477 927 74 ro, y este, dando respingos admirables!

243 1523 1303 80 Luis probablemente habria tomado su racion en las pul¬

143 1570 1401 88 perias por donde pasó, porque ya no veia nada; asi es que

141 1624 1402 82 estando cerca, empeñase en hacer subir el burro á un cerro,

144 1677 1399 81 lo que hizo rodar al burro, á él y á las dos pipas, las que

143 1724 888 78 perdieron á golpe de vista su forma.

245 1779 1301 81 Por fin despues de tres cuartos de hora de espera y de nue¬

141 1829 1405 78 vas imprecaciones y desesperaciones encontraron agua, la que aun¬

141 1885 1403 71 que turbia y cara, permitió se cocinase el chupe infalible, aunque

147 1932 1400 79 ya sin huevos: asi como los otros platos que debian engor¬

141 1980 1406 84 dar la comitiva; mientras que esto se hacia, empezaron (des¬

144 2034 1413 82 pues de haberse colocado) á dar auto da fe del tamal, sevi¬

143 2085 1404 82 che, sango y otras frioleras, asi como á hacerle cariños á los

143 2138 1403 77 camarones, queso y mantequilla; todo esto porsupues.o lleva¬

144 2187 1402 84 ba por acompañamiento su coro de rosquitas y pan, con uno

144 2244 1402 76 que otro andante de Pisco, Málaga, Burdeos, etc.; el capellan

155 2290 1386 124 y fray Jerundio eran afectos á los coros y á los andantes,
