1568 2714
804 120 130 26 (26)

149 120 616 71 toda la America tambien.

217 165 1329 101 La supresion y estincion de todo monopolio, medida be¬

137 215 1409 110 lla, y que J. B. Say, y H. Say, asi como el cosmopolita Rossi apoyan

143 269 1403 100 y defienden con tanto calor y energia; fué una de las causas

140 321 1403 101 que contribuyeron á tan pronto desarrollo; tal es el mágico

135 369 1410 98 resultado que se obtiene siempre y sobre todo en un pais nue¬

140 425 1406 95 vo con el comercio libre!!!; á Rossi* lo he oido hablar en fa¬

137 473 1408 104 vor de él con una elocuencia tan sublime y tan convincente,

135 524 1407 106 que ninguna teoria particular fundada en circustancias loca¬

137 575 530 73 les podria combatirla.

224 628 1319 100 Este aumento del comercio y de extrangeros exigió una

129 678 1413 106 diplomacia de primer rango en el Perú; y en 1853, nuestro

131 725 1408 111 pais ofreció un bello cuadro en los dignos representantes de

131 778 1411 104 las naciones nuestras amigas; que notas tan decorosas y tan

126 832 1419 101 fundadas en razon y en conocimientos!! que respetabilidad para

129 879 1414 104 el nuevo gobierno del Perú y para el que cada uno de ellos

128 936 1412 101 representaba..... oh eran admirables! y sin embargo casi

128 987 1412 97 ninguno citaba á los Watel ni a los Bello, ni otros mil sino

128 1035 1414 100 en el último caso; pero a ese tiempo los conocian perfectamen¬

126 1088 1413 104 te; en verdad es preciso confesar que estos eran unos di¬

128 1132 563 83 plomaticos en forma!!! §

217 1187 1319 111 En 1855 el estado próspero del Perú hizo realizar el pro¬

129 1242 1407 102 yecto ya viejo [á esa época] del Gran Congreso Americano en

128 1286 1408 107 Lima; aunque las ideas y bases de él eran del todo diversas

126 1341 521 71 á las antes imaginadas

233 1386 1298 106 Para su reunion y para el desempeño de su objeto, con¬

125 1442 1414 104 sideraron á las antiguas naciones. á los autores antiguos y so¬

123 1492 1414 107 bre todo al inmortal Montesquieu... sin por eso esclavizarse

122 1542 1412 110 enteramente á ellos.... sabian demasiado que aunque la imita¬

122 1592 1414 111 cion de las grandes cosas y de los grandes hombres es una

122 1644 1414 103 máxima sábia, hay sin embargo consideraciones diversas á que

125 1702 1402 99 atender cuando ni las localidades, el clima, las costumbres ni

143 1792 1385 109 *En su catedra de Economia Política, Historica; en Paris el año 39.

140 1845 1390 101 § Los señores diplomáticos del síglo XIX. en Lima; aquellos que han

119 1892 1408 105 obtenido y obtienen el aprecio de nuestro Gobierno y de nuestra so¬

119 1940 1408 107 ciedad deben penetrarse que no es la intencion del autor de estas pe¬

119 1997 1409 103 queñas lineas el dirijirse á ellos;–esto á ellos mismos toca el valorizarlo;

116 2040 1409 108 sin embargo; si alguno ó algunos de los diplomaticos que nos han venido

114 2094 1410 102 á honrar desde que somos libres han incurrido en faltas á las que sean

114 2139 1404 109 aplicables, las lijeras observaciones del autor...... ¿será esta por ven¬

114 2184 1058 130 tura culpa suya?–esto á la sociedad toca el juzgarlo.
