1620 2675
816 40 139 69 (34)

282 86 1294 73 La madre de Julia está inconsolable.... me ha obliga¬

182 142 581 52 do á venirme á su casa:

280 190 1302 68 –U. es Artur, el mas vivo y caro recuerdo de mi Ju¬

181 234 1400 79 lia [me dijo la pobre] para mi, amigo, U. á quien ella amó

181 294 1395 64 tanto.... su vida de U. me pertenece en adelante....; no nos

181 343 1400 70 abandone U. por Dios Artur! consuele á mi abuelo, á su

179 393 1399 70 amigo.... temo que el hilo de sus dias se arranque con esta

179 444 1397 73 desgracia.... pobrecito.... aunque centenario, su nombre y

179 494 1402 72 sus virtudes nos adornan y son la columna principal de la

179 542 188 59 familia!

277 592 1301 78 –¡Jamas las abandonaré á UU. amigas de mi corazon;

175 646 1401 73 solo á mi muerte.... temo sí que esta no tarde en venir a

181 701 318 55 buscarme....

282 747 892 73 –¡Por Dios! Artur.... no lo digas, hijo!

279 802 1085 70 –Ay! el corazon no se engaña, madre mia!....

286 870 1276 46 ...................................................

182 903 1390 70 .... Hacen 7 dias que te lo escribia, Carlos, el corazon no se

172 954 1398 74 engaña; que cierto es esto: veme ya en el lecho de la muer¬

173 1004 1396 68 te....; el dejar á esta familia sumerjida en su desconsuelo y

172 1055 1398 71 el no verte quizas ya, pues cuando llegues probablemente

172 1104 1397 73 habré dejado de ser, es lo único que me aflije.... pero en la

172 1157 1395 69 realidad estoi contento....soi feliz.... unos momentos mas y

170 1206 1399 75 mi alma va á reunirse á Delia!–á Julia!–allá, si, allá, ni la

170 1258 1397 72 muerte, ni las leyes, ni los hombres me las arrebatarán.....

170 1309 1399 70 allá estaré unido á ellas para toda una eternidad....... allá me

170 1361 1399 67 será permitido hacerles comprender como es como Dios le en¬

170 1408 504 66 señó á Artur á amar.

276 1462 1293 73 ¡Adios amigo! ¡adios Carlos! cuando llegues á ésta pidele

169 1515 1396 72 á mi amigo ó á su familia una caja que para tí dejo; en

166 1567 1400 70 ella encontraras todos mis papeles, los que te lego como un

166 1622 1400 66 recuerdo de amigo; trata de conservarlos y dignate continuar

167 1664 1398 73 tú que tambien amas la Patria, la obra que aunque mal yo

167 1716 1395 71 he comensado.... la primera piedra está puesta amigo...... cons¬

169 1766 590 66 tancia y valor Carlos!......

267 1820 1296 70 ....... Ama á mi amigo, haste amar de él: hablale de Ju¬

166 1871 1393 71 lia, hablale de Artur!....ay! ya no.... puedo apenas continuar!

269 1924 1291 68 Agradecele á mi nombre á tu nuevo amigo de Arequi¬

164 1975 1396 68 pa, los recuerdos que me manda y ve si puedes decidirlo á

164 2025 1392 67 que se venga contigo–fuera mejor que UU. trabajarán juntos.

277 2077 1280 67 .... Ya el pulso me tiembla Carlos.... ya mi ultima ho¬

162 2123 1394 71 ra se acerca....; solo me quedan minutos de vida..... una

162 2177 1392 65 amistad en la que ha reinado siempre tanta fidelidad, con¬

163 2229 1390 74 secuencia y buena fé, como en la nuestra–Jamas se borra
