1564 2663
744 82 140 82 (14)

216 156 846 54 –¡Oh....que feliz debia ser!

213 187 984 77 –Feliz.... si .... un dia!!!.... pobre Delia!

223 241 1283 80 –¡Como debe U. sufrir, no es verdad: ya no podrá U.

103 287 1403 85 amar á ninguna: dijo Julia, y en la expresion que quiso dar a

102 343 1401 74 estas palabras su gorrita cayó al suelo y su pelo todo en de¬

102 395 1401 79 sorden se deslizó sobre su mejillas formando crespos admirables.

198 445 1305 78 ¡Ay Carlos! Un vertigo sobre humano se apoderó en¬

99 492 1404 84 tonces de mi... mi razon se extravió.... yo veia á Delia en

99 545 1404 80 Julia;.... Julia era en ese momento para mi Delia; me acordé

97 600 1404 76 de tantos cuentos antiguos, de Aristoteles, de Platon, de So¬

96 655 1407 75 crates, de la inmortalidad del alma, de la transmigracion; ¡qué

99 699 1405 80 sé yo!.... me parecia que el alma de Delia acababa de unir¬

97 753 1406 82 se á la de Julia.... me parecia que un jenio del cielo me

94 800 1409 86 decia.... tómalá.... tómala.... apoderate de ella.... los hom¬

94 853 1401 83 bres te lá quitaron.... Dios ha querido reparar su injusticia...

94 912 1406 65 esta vez ninguno te la arrancará.... alcé la vista.... Delia–

93 955 1408 80 Julia me veia... sus ojos lloraban.... sus miradas eran de

93 1013 1410 77 fuego... arrostré el desprecio.... la muerte y todo... me

93 1059 1407 83 arrodillé á sus pies.... me apoderé de sus manos.... las

93 1111 1252 74 cubrí de besos... y con voz desesperada le dije....

202 1159 1061 82 –¡Dime.... dime.... Julia, dime.... Delia....

239 1211 752 79 –¡Que Artur! que quiere U!....

208 1263 330 69 –¿Me amas?

235 1315 1263 84 –¡¡¡Yo!!!.... si....! dljo ella con voz que del alma

88 1364 1406 84 salia... y cayó privada de conocimiento... yo salí corriendo

88 1415 475 70 sin saber donde iba.

190 1473 1308 73 Mas de un cuarto de hora me llevé subiendo la montaña:

90 1523 1404 77 por fin la fatiga y el aire me calmaron..... volví sobre mis

90 1574 1404 81 pasos... temblé al reunirme á mi comitiva... Julia ya ha¬

87 1624 1404 75 bia vuelto en si... me sonrió... me ofreció una copa de made¬

88 1680 1262 68 ra.... su visabuelo quiso acompañarme en el brindis:

189 1725 1293 84 Yo elevé la copa y dije.... felicidad al Centenario! fe¬

87 1776 423 62 licidad á Julia....!

184 1825 1297 87 Julia me agradeció con las miradas–me habia compren¬

84 1877 121 69 dido

183 1927 1305 82 Mi amigo me contestó... felicidad á Artur–yo palpité de

85 1983 1041 77 placer! ya empezaba de nuevo á ser feliz!...

184 2032 1304 83 Cuando el hombre es feliz todo excita en él la diversion;

82 2081 1405 81 la comitiva silvestruna me la proporcionó á mi y á... Julia.

183 2137 1302 79 Vimos llegar el chupe colosal, y echarse sobre él todos y

82 2189 1403 78 todas; Da. Silvestra tenia con gravedad el cucharon en

79 2239 1409 74 las manos, el pan y biscochos en las faldas: para dar una

76 2291 1399 126 idea de lo que comieron, me bastara decir que devoraron, y
