1606 2645
154 636 1285 131 Carta tercera y fin de la primera parte.

580 767 928 86 Lima 21 de Enero de 1944.

211 880 1292 79 ¿Por qué, Carlos querido, ésta vida ha de ser siempre

104 930 1397 78 tan rodeada de disgustos y de penas? ¿Por qué en el hom¬

105 990 1406 69 bre apenas nace el primer sentimiento ha de ser el del dolor,

104 1035 1410 75 su primer eco, un lamento, su primer signo una lagrima....

105 1082 1412 84 ay amigo, es sin duda algun secreto instinto el que le dice

105 1135 1412 80 que él nace para sufrir, para llorar, y para.... morir despues!!

104 1190 1413 75 esta es, Carlos, la vida humana!... ¿podré yó despues de esto

105 1237 1414 76 estrañar que ésta sea la mia? oh! nó.... yo debo saborear

107 1287 1413 83 tranquilo mi pedazo del pan de la amargura; al menos sentiré

108 1346 1411 74 mi dolor mitigarse estando á tu lado, ya que me anuncias

110 1391 1409 84 tu resolucion de venir á acompañarme dentro de pocos dias;

111 1447 1414 78 esta noticia me ha llenado de júbilo; tanto porque siempre

113 1494 1410 85 hay mas gusto en confiarse al amigo estando á su lado, que

114 1547 1406 79 por medio de cartas; cuanto porque reunidos podemos escu¬

114 1598 1412 75 char juntos al anciano y trabajar de un modo util y mas

123 1657 256 71 agradable.

214 1700 1309 78 ¿Que te diré, amigo querido, en esta mi ultima carta; yo

117 1755 1412 78 sobre quien ya gravitan todas las penas de una existencia ter¬

117 1801 1411 84 restre: yo á quien el Genio Protector parece querer abando-

120 1850 1406 85 nar? ¡ay, amigo! varios paseos he hecho con el anciano, va¬

122 1907 1407 81 rias veces he estado en su casa, varias relaciones he forma¬

120 1960 1409 75 do ya–de todas estas cosas te hablaré sucesivamente; pero

120 2007 1410 81 sé en esta vez muy induljente, amigo mio, porque ya sufro....

126 2066 1038 77 ya no soy mas que uu valetudinario.....

211 2113 1317 76 ¿Te acuerdas de Delia? de esos ojos que inspiraban amor,

129 2160 1401 85 ....de esa frente en que se leia la pureza?....ay! amigo, De¬

125 2214 1405 81 lia ya no existe... para mi! yo la amaba tanto! ella.... me

127 2261 1406 128 comprendia! ¡pobre angel de mi adoracion, cuan feliz habria
