<?xml version="1.0" encoding="UTF-8"?>
<alto xmlns:xsi="http://www.w3.org/2001/XMLSchema-instance"
      xmlns="http://www.loc.gov/standards/alto/ns-v4#"
      xsi:schemaLocation="http://www.loc.gov/standards/alto/ns-v4# http://www.loc.gov/standards/alto/v4/alto-4-2.xsd">
  <Description>
    <MeasurementUnit>pixel</MeasurementUnit>
    <sourceImageInformation>
      <fileName>29432256.png</fileName>
    </sourceImageInformation>
  </Description>
  <Tags>
    <OtherTag ID="BT7" LABEL="CustomZone" DESCRIPTION="block type CustomZone"/><OtherTag ID="BT8" LABEL="DamageZone" DESCRIPTION="block type DamageZone"/><OtherTag ID="BT9" LABEL="DigitizationArtefactZone" DESCRIPTION="block type DigitizationArtefactZone"/><OtherTag ID="BT10" LABEL="DropCapitalZone" DESCRIPTION="block type DropCapitalZone"/><OtherTag ID="BT11" LABEL="GraphicZone" DESCRIPTION="block type GraphicZone"/><OtherTag ID="BT12" LABEL="MainZone" DESCRIPTION="block type MainZone"/><OtherTag ID="BT13" LABEL="MarginTextZone" DESCRIPTION="block type MarginTextZone"/><OtherTag ID="BT14" LABEL="MusicZone" DESCRIPTION="block type MusicZone"/><OtherTag ID="BT15" LABEL="NumberingZone" DESCRIPTION="block type NumberingZone"/><OtherTag ID="BT16" LABEL="QuireMarksZone" DESCRIPTION="block type QuireMarksZone"/><OtherTag ID="BT17" LABEL="QuireMarksZone" DESCRIPTION="block type QuireMarksZone"/><OtherTag ID="BT18" LABEL="RunningTitleZone" DESCRIPTION="block type RunningTitleZone"/><OtherTag ID="BT19" LABEL="SealZone" DESCRIPTION="block type SealZone"/><OtherTag ID="BT20" LABEL="StampZone" DESCRIPTION="block type StampZone"/><OtherTag ID="BT21" LABEL="TableZone" DESCRIPTION="block type TableZone"/><OtherTag ID="BT22" LABEL="TitlePageZone" DESCRIPTION="block type TitlePageZone"/><OtherTag ID="BT36" LABEL="NumberingZone:page" DESCRIPTION="block type NumberingZone:page"/><OtherTag ID="BT37" LABEL="NumberingZone:folio" DESCRIPTION="block type NumberingZone:folio"/>
    <OtherTag ID="LT7" LABEL="CustomLine" DESCRIPTION="line type CustomLine"/><OtherTag ID="LT8" LABEL="DefaultLine" DESCRIPTION="line type DefaultLine"/><OtherTag ID="LT9" LABEL="DropCapitalLine" DESCRIPTION="line type DropCapitalLine"/><OtherTag ID="LT10" LABEL="HeadingLine" DESCRIPTION="line type HeadingLine"/><OtherTag ID="LT11" LABEL="InterlinearLine" DESCRIPTION="line type InterlinearLine"/><OtherTag ID="LT12" LABEL="MusicLine" DESCRIPTION="line type MusicLine"/><OtherTag ID="LT14" LABEL="default" DESCRIPTION="line type default"/>
  </Tags>
  <Layout>
    <Page WIDTH="1553"
          HEIGHT="2636"
          PHYSICAL_IMG_NR="19"
          ID="eSc_dummypage_">
      <PrintSpace HPOS="0"
                  VPOS="0"
                  WIDTH="1553"
                  HEIGHT="2636">
        <TextBlock HPOS="756"
                   VPOS="70"
                   WIDTH="140"
                   HEIGHT="67"
                   ID="block_0"
                   TAGREFS="BT36">
          <Shape><Polygon POINTS="896 70 896 137 756 137 756 70"/></Shape>
          <TextLine ID="line_0"
                    TAGREFS="LT8"
                    BASELINE="744 117 886 114" 
                    HPOS="739"
                    VPOS="54"
                    WIDTH="145"
                    HEIGHT="79">
            <Shape><Polygon POINTS="873 70 851 70 829 70 807 70 785 70 763 70 756 54 739 54 743 116 743 125 882 133 884 112 879 70 873 70"/></Shape>
	    <String CONTENT="(20)"
                    HPOS="739"
                    VPOS="54"
                    WIDTH="145"
                    HEIGHT="79"></String>
          </TextLine>
        </TextBlock>
        <TextBlock HPOS="72"
                   VPOS="123"
                   WIDTH="1441"
                   HEIGHT="2203"
                   ID="block_1"
                   TAGREFS="BT12">
          <Shape><Polygon POINTS="1513 140 1502 2326 72 2326 95 123"/></Shape>
          <TextLine ID="line_1"
                    TAGREFS="LT8"
                    BASELINE="231 158 1513 175" 
                    HPOS="231"
                    VPOS="124"
                    WIDTH="1282"
                    HEIGHT="72">
            <Shape><Polygon POINTS="1374 124 1359 124 1344 124 1268 134 1267 134 1265 134 1218 124 1213 124 1198 124 1183 124 1169 124 1167 124 1141 131 1119 124 1110 124 1095 124 1081 124 1066 124 1051 124 1037 124 1022 124 1007 124 1003 124 993 124 978 124 964 124 949 124 934 124 920 124 905 124 893 124 877 130 874 130 873 130 861 124 846 124 832 124 820 127 813 124 802 124 788 124 773 124 772 125 769 124 758 124 744 124 729 124 714 124 700 124 685 124 671 124 656 124 641 124 628 124 627 125 625 125 624 125 609 124 597 124 583 124 568 124 553 124 539 124 524 124 509 124 495 124 486 124 483 124 480 124 465 124 451 124 436 124 421 124 407 124 392 124 377 124 372 124 363 124 348 124 334 124 319 124 304 124 290 124 275 124 260 124 246 124 231 124 231 158 231 175 523 172 553 180 565 183 566 183 568 183 569 183 580 180 605 174 656 181 662 181 663 181 672 181 732 177 751 183 767 187 769 187 770 187 814 183 871 177 892 184 906 188 908 188 909 188 961 184 1016 180 1078 185 1123 190 1125 190 1142 187 1166 181 1182 187 1191 190 1192 190 1194 190 1236 187 1289 184 1295 188 1302 194 1303 194 1305 194 1306 194 1355 188 1396 184 1412 190 1428 196 1429 196 1431 196 1511 190 1513 175 1513 139 1407 139 1405 136 1377 124 1374 124"/></Shape>
	    <String CONTENT="–¡Calma, calma mi amigo; desde anoche ella sabe que"
                    HPOS="231"
                    VPOS="124"
                    WIDTH="1282"
                    HEIGHT="72"></String>
          </TextLine>
          <TextLine ID="line_2"
                    TAGREFS="LT8"
                    BASELINE="109 207 1506 226" 
                    HPOS="108"
                    VPOS="156"
                    WIDTH="1398"
                    HEIGHT="90">
            <Shape><Polygon POINTS="1003 169 988 169 978 168 925 169 924 169 902 178 892 183 884 178 874 171 873 171 871 171 870 171 811 177 758 181 748 175 741 169 739 169 738 169 736 169 735 169 723 174 710 180 697 174 682 166 681 166 679 166 629 169 618 164 608 164 605 164 569 171 568 171 566 171 540 162 539 162 537 162 536 162 520 169 506 178 477 178 458 169 445 164 443 164 442 164 410 168 354 175 298 166 297 166 250 174 231 164 216 156 215 156 213 156 109 161 109 207 108 225 942 229 978 232 1088 241 1090 241 1164 235 1179 234 1182 235 1201 243 1202 243 1204 243 1387 238 1397 246 1399 246 1400 246 1402 246 1504 237 1506 226 1504 191 1412 190 1410 188 1400 181 1399 181 1397 181 1396 181 1344 187 1343 187 1340 187 1264 175 1262 175 1211 183 1027 177 1010 169 1003 169"/></Shape>
	    <String CONTENT="debe unirse á U.; yo, y ella lo hemos elejido y decidido asi...."
                    HPOS="108"
                    VPOS="156"
                    WIDTH="1398"
                    HEIGHT="90"
                    WC="0.9933615384615385"></String>
          </TextLine>
          <TextLine ID="line_3"
                    TAGREFS="LT8"
                    BASELINE="108 259 1513 273" 
                    HPOS="108"
                    VPOS="216"
                    WIDTH="1405"
                    HEIGHT="78">
            <Shape><Polygon POINTS="1500 259 1491 238 1322 238 1322 237 1306 229 1305 229 1303 229 1248 237 1240 237 1238 237 1216 226 1214 226 1213 226 1164 235 1161 235 1158 235 1113 228 1112 228 1110 228 1109 228 1100 235 1098 235 1073 224 1072 224 1070 224 966 234 956 234 953 234 918 222 917 222 810 221 666 219 665 219 605 229 603 229 600 229 540 219 539 219 537 219 508 228 449 228 334 228 332 226 312 216 310 216 309 216 307 216 275 226 272 226 269 226 224 218 222 218 162 225 161 225 159 225 131 216 130 216 128 216 127 216 108 224 108 259 108 279 801 279 845 284 899 288 901 288 991 284 1031 282 1101 284 1381 294 1383 294 1511 285 1513 273 1511 240 1503 238 1500 259"/></Shape>
	    <String CONTENT="dentro de pocos dias fijaremos el que deba celebrarse el con¬"
                    HPOS="108"
                    VPOS="216"
                    WIDTH="1405"
                    HEIGHT="78"
                    WC="0.981790909090909"></String>
          </TextLine>
          <TextLine ID="line_4"
                    TAGREFS="LT8"
                    BASELINE="108 310 1510 326" 
                    HPOS="106"
                    VPOS="269"
                    WIDTH="1404"
                    HEIGHT="76">
            <Shape><Polygon POINTS="1500 316 1492 297 1413 297 1406 294 1355 282 1353 282 1236 291 1207 292 1189 289 1123 278 1122 278 974 285 896 289 886 284 868 275 867 275 745 273 679 273 678 273 676 273 665 279 651 287 542 279 540 279 492 285 460 276 442 270 440 270 439 270 404 275 366 279 353 273 342 269 341 269 282 269 281 269 279 269 272 272 250 282 202 282 187 272 186 272 184 272 183 272 137 281 109 269 108 310 106 322 155 330 156 330 213 323 234 322 263 325 341 332 342 332 344 332 357 326 363 323 565 325 574 328 594 335 596 335 597 335 691 329 736 328 755 330 797 338 798 338 862 332 868 332 886 332 1070 341 1072 341 1107 335 1126 332 1145 335 1180 342 1292 344 1293 344 1295 344 1296 344 1306 338 1311 335 1333 338 1385 345 1387 345 1509 339 1510 326 1509 297 1504 297 1500 316"/></Shape>
	    <String CONTENT="trato civil; y la ceremonia relijiosa quedará despues á la vo¬"
                    HPOS="106"
                    VPOS="269"
                    WIDTH="1404"
                    HEIGHT="76"
                    WC="0.9872636363636363"></String>
          </TextLine>
          <TextLine ID="line_5"
                    TAGREFS="LT8"
                    BASELINE="105 360 1504 379" 
                    HPOS="104"
                    VPOS="314"
                    WIDTH="1400"
                    HEIGHT="85">
            <Shape><Polygon POINTS="105 360 104 373 115 382 117 382 118 382 120 382 402 374 411 374 413 374 464 385 465 385 467 385 487 376 530 383 531 383 602 379 643 389 644 389 646 389 731 379 734 379 735 379 764 388 766 388 767 388 813 380 814 380 876 389 877 389 1056 386 1132 395 1133 395 1135 395 1167 388 1296 398 1298 398 1387 388 1394 388 1402 388 1460 399 1462 399 1503 389 1504 379 1503 345 1311 344 1305 341 1298 335 1296 335 1295 335 1293 335 1243 339 1214 341 1204 338 1189 333 1188 333 1186 333 1154 336 1126 339 1087 335 1013 328 1012 328 971 333 942 336 903 332 857 325 855 325 830 329 804 335 794 329 788 325 786 325 785 325 640 322 638 322 619 325 584 332 559 323 553 322 552 322 550 322 530 323 449 330 427 320 423 319 421 319 420 319 407 320 348 329 313 319 309 317 307 317 306 317 294 317 221 325 105 314 105 360"/></Shape>
	    <String CONTENT="luntad de Julia, ella fijará el dia cuando guste.... ¿se con¬"
                    HPOS="104"
                    VPOS="314"
                    WIDTH="1400"
                    HEIGHT="85"></String>
          </TextLine>
          <TextLine ID="line_6"
                    TAGREFS="LT8"
                    BASELINE="111 410 498 412" 
                    HPOS="109"
                    VPOS="369"
                    WIDTH="389"
                    HEIGHT="73">
            <Shape><Polygon POINTS="111 410 109 429 120 439 120 440 121 440 123 440 124 442 187 442 187 440 188 440 227 423 231 421 238 423 266 429 268 429 297 423 304 421 313 423 427 442 429 442 430 442 496 421 498 412 498 382 462 371 461 371 460 371 458 371 435 382 427 385 419 382 394 370 392 370 391 370 329 380 307 385 303 380 291 370 291 369 290 369 288 369 244 369 243 369 241 369 240 369 240 370 228 380 225 385 140 385 136 380 128 374 128 373 127 373 125 373 124 373 123 373 111 379 111 410"/></Shape>
	    <String CONTENT="viene U. amigo?"
                    HPOS="109"
                    VPOS="369"
                    WIDTH="389"
                    HEIGHT="73"
                    WC="0.9978666666666667"></String>
          </TextLine>
          <TextLine ID="line_7"
                    TAGREFS="LT8"
                    BASELINE="230 464 1510 478" 
                    HPOS="228"
                    VPOS="411"
                    WIDTH="1282"
                    HEIGHT="88">
            <Shape><Polygon POINTS="483 412 482 412 435 429 364 429 326 412 317 412 313 411 230 426 230 464 228 475 304 486 306 486 354 478 376 487 377 487 379 487 380 487 411 480 493 489 495 489 496 489 524 481 690 481 742 492 744 492 942 486 968 493 969 493 971 493 972 493 994 486 1016 494 1018 494 1019 494 1120 489 1172 496 1173 496 1175 496 1201 489 1446 499 1447 499 1509 490 1510 478 1510 442 1416 440 1402 430 1400 430 1399 430 1397 430 1396 430 1380 439 1286 439 1254 421 1252 421 1251 421 1155 434 1079 424 1078 424 1022 434 997 423 996 423 994 423 993 423 991 423 977 433 953 426 952 426 950 426 870 432 846 420 845 420 484 412 483 412"/></Shape>
	    <String CONTENT="–Ese sacrificio es muy pequeño, señor y amigo; digale"
                    HPOS="228"
                    VPOS="411"
                    WIDTH="1282"
                    HEIGHT="88"></String>
          </TextLine>
          <TextLine ID="line_8"
                    TAGREFS="LT8"
                    BASELINE="105 514 1509 528" 
                    HPOS="104"
                    VPOS="465"
                    WIDTH="1405"
                    HEIGHT="82">
            <Shape><Polygon POINTS="524 468 523 468 521 468 506 474 480 483 454 473 446 470 445 470 443 470 414 471 278 481 251 468 246 465 244 465 237 465 105 465 105 514 104 527 147 535 149 535 184 528 187 528 410 530 419 530 430 538 432 538 433 538 435 538 468 531 470 531 618 531 619 533 629 540 631 540 632 540 634 540 792 534 804 534 807 534 852 543 854 543 1195 540 1243 547 1245 547 1507 540 1509 528 1509 496 1413 494 1410 493 1364 480 1362 480 1361 480 1359 480 1337 492 1330 492 1221 480 1220 480 1175 489 1160 490 1154 487 1133 478 1132 478 1131 478 1041 486 990 489 974 483 944 474 943 474 942 474 940 474 911 483 890 489 854 489 840 481 833 475 832 475 830 475 829 475 827 475 818 480 804 487 716 487 694 477 678 471 676 471 675 471 581 475 556 475 549 474 525 468 524 468"/></Shape>
	    <String CONTENT="U. á la señorita Julia que me imponga mil y mas fuertes pa¬"
                    HPOS="104"
                    VPOS="465"
                    WIDTH="1405"
                    HEIGHT="82"></String>
          </TextLine>
          <TextLine ID="line_9"
                    TAGREFS="LT8"
                    BASELINE="101 563 1509 579" 
                    HPOS="99"
                    VPOS="522"
                    WIDTH="1410"
                    HEIGHT="72">
            <Shape><Polygon POINTS="99 581 1506 594 1509 579 1506 546 1441 549 1431 544 1424 538 1422 538 1421 538 1419 538 1418 538 1403 543 1387 549 1352 543 1342 541 1340 541 1330 543 1287 547 1267 541 1245 534 1243 534 1189 534 1188 534 1186 534 1176 540 1164 546 1132 538 1100 533 1098 533 1003 537 874 543 858 534 849 530 848 530 666 528 665 528 650 531 625 537 608 530 599 527 597 527 596 527 594 527 584 530 556 538 525 530 521 528 520 528 518 528 501 528 366 537 351 527 350 527 348 527 347 527 345 527 328 535 254 528 253 528 251 528 228 535 188 525 187 525 186 525 130 534 102 522 101 563 99 581"/></Shape>
	    <String CONTENT="ra poner á prueba el corazon de su amigo; esa demora lejos"
                    HPOS="99"
                    VPOS="522"
                    WIDTH="1410"
                    HEIGHT="72"
                    WC="0.9950083333333334"></String>
          </TextLine>
          <TextLine ID="line_10"
                    TAGREFS="LT8"
                    BASELINE="101 615 1510 631" 
                    HPOS="99"
                    VPOS="572"
                    WIDTH="1411"
                    HEIGHT="81">
            <Shape><Polygon POINTS="101 615 99 628 227 629 246 639 247 639 249 639 445 634 483 642 484 642 486 642 581 635 612 644 613 644 615 644 675 637 821 645 823 645 864 638 902 647 903 647 905 647 971 639 996 648 997 648 999 648 1094 641 1125 650 1126 650 1128 650 1245 644 1267 651 1268 651 1270 651 1381 645 1482 653 1484 653 1485 653 1509 644 1510 631 1510 600 1233 584 1232 584 1145 593 1128 594 1120 593 1091 584 1090 584 1088 584 1054 591 1047 593 1037 591 994 581 855 579 854 579 852 579 838 587 835 588 818 587 731 578 729 578 728 578 726 578 716 585 709 590 657 590 647 584 635 578 634 578 632 578 631 578 621 584 612 588 545 588 527 582 509 576 508 576 506 576 458 581 404 585 379 579 356 574 354 574 353 574 303 578 237 584 221 576 210 572 209 572 208 572 206 572 196 576 188 579 183 575 177 572 175 572 174 572 172 572 101 574 101 615"/></Shape>
	    <String CONTENT="de desagradarme, me place y la deseo; ella me permitirá acer¬"
                    HPOS="99"
                    VPOS="572"
                    WIDTH="1411"
                    HEIGHT="81"></String>
          </TextLine>
          <TextLine ID="line_11"
                    TAGREFS="LT8"
                    BASELINE="101 666 1510 683" 
                    HPOS="99"
                    VPOS="634"
                    WIDTH="1411"
                    HEIGHT="66">
            <Shape><Polygon POINTS="101 666 99 676 155 686 156 686 281 680 367 689 369 689 427 682 430 682 433 682 467 691 468 691 470 691 550 683 562 683 564 683 575 692 577 692 578 692 580 692 732 686 755 686 766 688 821 695 823 695 930 689 950 689 966 691 1043 698 1044 700 1509 700 1510 683 1507 645 1459 651 1406 644 1391 642 1390 642 1378 644 1324 651 1308 642 1306 642 1305 642 1303 642 1284 642 1158 650 1103 642 1101 642 1010 647 997 641 991 638 990 638 988 638 969 639 923 647 820 647 805 639 797 635 795 635 794 635 755 638 698 644 682 638 672 634 671 634 101 634 101 666"/></Shape>
	    <String CONTENT="carme á la señorita Julia con mas franqueza y darmele á"
                    HPOS="99"
                    VPOS="634"
                    WIDTH="1411"
                    HEIGHT="66"
                    WC="0.9869727272727273"></String>
          </TextLine>
          <TextLine ID="line_12"
                    TAGREFS="LT8"
                    BASELINE="99 716 1504 733" 
                    HPOS="99"
                    VPOS="676"
                    WIDTH="1405"
                    HEIGHT="78">
            <Shape><Polygon POINTS="99 716 99 735 414 733 467 741 482 742 483 742 501 741 568 735 671 743 698 745 700 745 714 743 769 738 810 745 820 746 1035 749 1037 749 1051 748 1113 742 1185 751 1195 751 1501 754 1504 733 1503 701 1240 688 1239 688 1191 697 1186 697 1183 697 1154 686 1153 686 1151 686 1063 694 1037 685 1035 685 1034 685 1032 685 1016 692 918 685 917 685 879 692 876 692 873 692 801 682 719 682 717 682 716 682 714 682 703 691 701 691 697 691 653 682 651 682 650 682 629 689 628 689 452 689 438 686 332 676 331 676 329 676 307 685 181 685 180 683 165 676 164 676 162 676 99 682 99 716"/></Shape>
	    <String CONTENT="conocer sin ninguna traba, sin ninguna ficcion de sociedad; y"
                    HPOS="99"
                    VPOS="676"
                    WIDTH="1405"
                    HEIGHT="78"
                    WC="0.96504"></String>
          </TextLine>
          <TextLine ID="line_13"
                    TAGREFS="LT8"
                    BASELINE="101 765 1506 786" 
                    HPOS="99"
                    VPOS="723"
                    WIDTH="1407"
                    HEIGHT="83">
            <Shape><Polygon POINTS="99 779 117 787 118 787 120 787 341 784 405 793 407 793 487 786 493 786 506 795 508 795 509 795 511 795 590 787 600 787 613 789 704 798 927 801 928 801 980 795 999 793 1025 796 1104 803 1106 803 1142 798 1155 796 1172 798 1220 805 1221 805 1254 799 1270 798 1293 801 1342 806 1343 806 1504 803 1506 786 1506 755 1286 738 1284 738 1179 748 1173 748 1169 748 1104 733 1103 733 1005 743 962 732 961 732 959 732 958 732 915 742 903 745 883 742 802 729 744 729 742 729 741 729 716 739 707 742 697 738 669 727 668 727 506 726 505 726 503 726 477 733 462 738 442 733 423 729 421 729 373 732 303 736 273 730 256 726 254 726 235 729 200 735 156 735 146 727 140 723 139 723 137 723 136 723 134 723 127 726 114 733 104 726 101 765 99 779"/></Shape>
	    <String CONTENT="al mismo tiempo me dará lugar para ir depurando cada dia"
                    HPOS="99"
                    VPOS="723"
                    WIDTH="1407"
                    HEIGHT="83"
                    WC="0.9950818181818182"></String>
          </TextLine>
          <TextLine ID="line_14"
                    TAGREFS="LT8"
                    BASELINE="98 817 1504 837" 
                    HPOS="96"
                    VPOS="780"
                    WIDTH="1408"
                    HEIGHT="86">
            <Shape><Polygon POINTS="98 817 96 827 140 837 142 837 190 834 221 847 222 847 224 847 353 834 377 833 385 836 419 852 420 852 421 852 423 852 424 852 446 837 452 834 512 839 543 842 545 842 555 840 587 836 600 842 627 855 628 855 761 856 763 856 764 856 785 847 794 843 880 849 881 849 883 849 901 840 934 850 936 850 937 850 939 850 961 842 1007 850 1009 850 1056 843 1078 855 1085 859 1087 859 1088 859 1090 859 1101 856 1122 850 1211 856 1213 856 1214 856 1251 846 1305 861 1306 861 1308 861 1309 861 1342 852 1380 864 1384 865 1385 865 1501 866 1504 837 1504 801 1495 795 1494 795 1492 795 1491 795 1451 802 1317 793 1315 793 1314 793 1299 801 1274 792 1273 792 1271 792 1104 796 1087 789 1085 789 1084 789 1015 798 1003 799 994 798 952 787 950 787 820 796 801 796 792 795 731 784 729 784 543 792 536 792 534 792 496 780 495 780 421 780 420 780 419 780 399 790 395 790 316 782 314 782 98 786 98 817"/></Shape>
	    <String CONTENT="mas y mas mi alma.... y hacerme si no igual al menos pa¬"
                    HPOS="96"
                    VPOS="780"
                    WIDTH="1408"
                    HEIGHT="86"></String>
          </TextLine>
          <TextLine ID="line_15"
                    TAGREFS="LT8"
                    BASELINE="99 868 665 877" 
                    HPOS="98"
                    VPOS="828"
                    WIDTH="567"
                    HEIGHT="79">
            <Shape><Polygon POINTS="99 868 98 885 112 900 112 902 114 902 115 902 243 903 244 903 246 903 247 903 269 884 272 881 273 884 281 888 282 888 284 888 285 888 310 884 319 883 320 884 335 894 336 894 338 894 339 894 341 894 357 887 379 906 380 906 382 906 383 907 423 907 423 906 424 906 426 906 457 885 460 884 470 885 514 893 515 893 552 887 559 885 568 887 619 897 621 897 663 887 665 877 663 852 640 852 638 850 615 836 613 836 612 836 574 836 572 836 571 836 569 836 569 837 556 849 555 850 528 850 527 847 514 836 514 834 512 834 511 834 490 834 489 834 487 834 486 834 486 836 473 846 471 847 467 846 438 839 436 839 435 839 388 842 380 833 379 833 379 831 377 831 376 831 345 831 344 831 342 831 341 831 326 843 319 846 244 846 225 840 186 828 184 828 183 828 99 836 99 868"/></Shape>
	    <String CONTENT="recido y digno de ella."
                    HPOS="98"
                    VPOS="828"
                    WIDTH="567"
                    HEIGHT="79"
                    WC="0.96066"></String>
          </TextLine>
          <TextLine ID="line_16"
                    TAGREFS="LT8"
                    BASELINE="209 922 1501 937" 
                    HPOS="208"
                    VPOS="871"
                    WIDTH="1293"
                    HEIGHT="85">
            <Shape><Polygon POINTS="663 877 662 877 629 893 628 893 618 893 566 887 550 875 546 875 539 875 509 885 473 874 460 874 423 890 423 891 367 891 366 890 326 872 312 872 297 872 282 871 275 871 273 871 272 871 247 888 246 888 209 888 209 922 208 932 282 943 284 943 521 938 584 938 591 940 615 947 616 947 618 947 675 941 698 940 712 943 739 948 741 948 791 944 820 941 835 944 855 950 857 950 858 950 969 947 1073 944 1095 948 1112 953 1113 953 1498 956 1501 937 1501 903 1374 903 1371 900 1317 881 1315 881 1314 881 1273 890 1257 884 1255 884 1254 884 1252 884 1218 897 1182 885 1180 885 1179 885 1123 899 1119 899 1117 899 1087 883 1085 883 1084 883 1082 883 1046 891 987 877 986 877 915 877 914 877 912 877 887 887 851 875 849 875 728 874 671 874 669 874 668 874 663 875 663 877"/></Shape>
	    <String CONTENT="–Bravo, Artur!.... creia conocerlo á U. ya.... pero veo"
                    HPOS="208"
                    VPOS="871"
                    WIDTH="1293"
                    HEIGHT="85"></String>
          </TextLine>
          <TextLine ID="line_17"
                    TAGREFS="LT8"
                    BASELINE="98 969 1500 989" 
                    HPOS="98"
                    VPOS="921"
                    WIDTH="1402"
                    HEIGHT="86">
            <Shape><Polygon POINTS="584 926 583 926 581 926 562 934 528 946 458 934 457 934 455 934 442 940 424 929 421 926 420 926 419 926 417 926 416 926 410 929 377 944 301 944 265 925 262 924 259 924 244 924 230 924 215 924 213 921 99 921 98 969 98 988 190 982 210 989 213 991 215 991 216 991 228 991 295 984 377 992 398 994 399 994 420 992 496 987 539 994 547 995 549 995 559 994 596 989 605 995 606 997 608 997 609 997 610 997 627 995 676 989 763 997 798 1000 799 1000 830 998 892 994 984 1000 1032 1003 1034 1003 1035 1003 1043 1001 1062 995 1073 1001 1078 1003 1079 1003 1081 1003 1082 1003 1087 1001 1098 995 1163 1003 1199 1006 1201 1007 1498 1007 1500 989 1492 959 1446 943 1444 943 1443 943 1441 943 1440 943 1419 956 1374 943 1372 943 1371 943 1273 953 1248 956 1224 951 1180 944 1179 944 1126 950 1101 951 1092 948 1069 938 1068 938 1066 938 914 943 911 943 906 943 795 931 769 931 767 931 766 931 751 938 732 948 638 948 606 934 586 926 584 926"/></Shape>
	    <String CONTENT="que solo empiezo ahora.... ea.... vamos á casa... Julia es¬"
                    HPOS="98"
                    VPOS="921"
                    WIDTH="1402"
                    HEIGHT="86"></String>
          </TextLine>
          <TextLine ID="line_18"
                    TAGREFS="LT8"
                    BASELINE="99 1022 1498 1041" 
                    HPOS="98"
                    VPOS="978"
                    WIDTH="1400"
                    HEIGHT="83">
            <Shape><Polygon POINTS="99 1022 98 1033 241 1045 243 1045 303 1038 312 1038 313 1038 325 1047 326 1047 328 1047 329 1047 530 1042 584 1042 618 1045 698 1051 700 1051 701 1051 713 1047 722 1044 763 1048 818 1052 820 1052 821 1052 836 1050 852 1045 1495 1061 1498 1041 1495 997 1421 1004 1368 995 1350 992 1349 992 1333 994 1286 1003 1276 995 1274 995 1273 995 1271 995 1232 1000 1185 994 1148 988 1147 988 1117 992 1075 1000 1059 992 1053 989 1051 989 968 987 966 987 965 987 955 991 944 995 934 991 923 985 921 985 920 985 829 989 798 991 772 989 688 982 687 982 685 982 662 988 640 994 622 988 603 981 602 981 467 979 465 979 464 979 462 979 452 987 442 991 234 989 219 984 197 978 196 978 194 978 99 982 99 1022"/></Shape>
	    <String CONTENT="tará impaciente, le he prometido llevarlo á U. ahora mismo."
                    HPOS="98"
                    VPOS="978"
                    WIDTH="1400"
                    HEIGHT="83"
                    WC="0.98079"></String>
          </TextLine>
          <TextLine ID="line_19"
                    TAGREFS="LT8"
                    BASELINE="208 1074 1299 1086" 
                    HPOS="206"
                    VPOS="1032"
                    WIDTH="1093"
                    HEIGHT="78">
            <Shape><Polygon POINTS="208 1074 206 1085 238 1086 251 1098 253 1098 254 1098 256 1098 310 1091 342 1101 344 1101 345 1101 347 1101 386 1089 426 1096 427 1096 465 1089 492 1098 493 1098 495 1098 531 1091 618 1104 619 1104 621 1104 650 1095 690 1104 691 1104 810 1096 858 1104 860 1104 861 1104 887 1093 903 1107 905 1107 906 1107 908 1107 984 1095 1037 1108 1038 1108 1040 1108 1160 1099 1217 1110 1218 1110 1298 1096 1299 1086 1298 1055 1179 1055 1177 1054 1164 1044 1163 1044 1161 1044 1082 1041 1081 1041 1079 1041 1054 1050 1027 1039 1025 1039 1024 1039 889 1045 877 1038 876 1038 874 1038 873 1038 871 1038 845 1050 845 1051 767 1051 709 1050 707 1048 690 1036 688 1036 687 1036 685 1036 619 1045 605 1035 603 1035 602 1035 600 1035 506 1047 498 1047 490 1047 416 1033 414 1033 361 1045 356 1045 350 1045 279 1032 278 1032 276 1032 254 1044 253 1044 208 1044 208 1074"/></Shape>
	    <String CONTENT="–¡Muy bien, amigo! gracias, me vestiré...."
                    HPOS="206"
                    VPOS="1032"
                    WIDTH="1093"
                    HEIGHT="78"></String>
          </TextLine>
          <TextLine ID="line_20"
                    TAGREFS="LT8"
                    BASELINE="200 1123 1497 1142" 
                    HPOS="199"
                    VPOS="1083"
                    WIDTH="1298"
                    HEIGHT="81">
            <Shape><Polygon POINTS="200 1123 199 1134 323 1145 325 1145 449 1140 464 1149 465 1149 467 1149 468 1149 523 1142 858 1155 860 1155 956 1149 1002 1158 1003 1158 1068 1151 1097 1159 1098 1159 1100 1159 1151 1151 1177 1159 1179 1159 1180 1159 1182 1159 1207 1152 1229 1161 1230 1161 1232 1161 1289 1153 1448 1164 1450 1164 1495 1153 1497 1142 1497 1114 1410 1112 1410 1111 1383 1099 1381 1099 1380 1099 1314 1110 1311 1110 1309 1110 1270 1098 1268 1098 1267 1098 1195 1107 1175 1096 1173 1096 1172 1096 1069 1105 1060 1105 1059 1105 1037 1095 1035 1095 1034 1095 865 1101 820 1102 807 1099 763 1091 761 1091 716 1098 698 1101 619 1096 540 1092 539 1092 537 1092 527 1095 514 1098 502 1093 479 1086 477 1086 476 1086 474 1086 452 1093 440 1096 423 1092 391 1086 389 1086 388 1086 370 1092 357 1095 336 1091 298 1083 297 1083 200 1088 200 1123"/></Shape>
	    <String CONTENT="–Prontito pues.... mientras tanto pasaré la vista por es¬"
                    HPOS="199"
                    VPOS="1083"
                    WIDTH="1298"
                    HEIGHT="81"></String>
          </TextLine>
          <TextLine ID="line_21"
                    TAGREFS="LT8"
                    BASELINE="95 1173 574 1178" 
                    HPOS="93"
                    VPOS="1123"
                    WIDTH="481"
                    HEIGHT="74">
            <Shape><Polygon POINTS="95 1173 93 1197 316 1184 348 1193 356 1194 357 1194 358 1194 375 1192 408 1186 432 1190 465 1197 467 1197 572 1186 574 1178 574 1151 531 1148 520 1137 520 1136 518 1136 517 1136 515 1136 474 1145 461 1148 454 1145 427 1130 426 1130 424 1130 423 1130 394 1142 392 1142 391 1140 364 1127 363 1127 361 1127 360 1127 323 1137 300 1145 273 1134 259 1130 257 1130 256 1130 254 1130 253 1130 253 1132 249 1134 238 1145 206 1133 205 1133 203 1133 202 1133 193 1137 186 1132 177 1123 175 1123 174 1123 172 1123 95 1126 95 1173"/></Shape>
	    <String CONTENT="te tomito de Biron."
                    HPOS="93"
                    VPOS="1123"
                    WIDTH="481"
                    HEIGHT="74"
                    WC="0.92045"></String>
          </TextLine>
          <TextLine ID="line_22"
                    TAGREFS="LT8"
                    BASELINE="193 1228 1497 1244" 
                    HPOS="191"
                    VPOS="1177"
                    WIDTH="1306"
                    HEIGHT="82">
            <Shape><Polygon POINTS="407 1177 382 1183 379 1183 375 1183 341 1178 339 1178 338 1178 336 1178 332 1181 314 1193 193 1180 193 1228 191 1237 297 1238 297 1240 310 1250 312 1250 313 1250 314 1250 524 1243 546 1243 549 1243 571 1253 572 1253 574 1253 647 1244 657 1244 665 1246 704 1253 706 1253 748 1246 757 1246 777 1247 905 1257 906 1257 990 1250 1013 1249 1034 1252 1092 1259 1094 1259 1495 1257 1497 1244 1497 1205 1456 1196 1454 1196 1453 1196 1435 1203 1427 1206 1394 1202 1356 1197 1355 1197 1317 1200 1270 1205 1258 1199 1238 1190 1236 1190 1235 1190 1233 1190 1213 1199 1208 1200 1204 1199 1183 1189 1182 1189 1180 1189 1154 1193 1128 1184 1126 1184 1125 1184 1123 1184 1087 1196 1076 1199 1066 1196 1021 1183 1019 1183 934 1183 933 1183 931 1183 905 1192 842 1181 840 1181 839 1181 810 1192 791 1197 782 1190 769 1180 767 1180 766 1180 764 1180 638 1183 637 1183 625 1187 605 1197 550 1197 476 1184 424 1177 413 1177"/></Shape>
	    <String CONTENT="No queriendo agraviar á Julia, ni excitar en ella fal¬"
                    HPOS="191"
                    VPOS="1177"
                    WIDTH="1306"
                    HEIGHT="82"
                    WC="0.97876"></String>
          </TextLine>
          <TextLine ID="line_23"
                    TAGREFS="LT8"
                    BASELINE="89 1275 1494 1296" 
                    HPOS="87"
                    VPOS="1227"
                    WIDTH="1407"
                    HEIGHT="82">
            <Shape><Polygon POINTS="959 1238 958 1238 956 1238 934 1247 805 1237 804 1237 659 1243 624 1234 622 1234 621 1234 619 1234 584 1243 561 1234 558 1234 545 1233 300 1238 285 1230 279 1230 265 1230 250 1230 235 1230 221 1230 206 1230 191 1228 190 1227 112 1227 111 1227 109 1227 89 1234 89 1275 87 1293 1491 1309 1494 1296 1492 1257 1343 1247 1342 1247 1186 1252 1151 1243 1150 1243 1148 1243 991 1249 961 1238 959 1238"/></Shape>
	    <String CONTENT="sas ideas sobre lo que llaman gusto de circunstancia, me"
                    HPOS="87"
                    VPOS="1227"
                    WIDTH="1407"
                    HEIGHT="82"
                    WC="0.98877"></String>
          </TextLine>
          <TextLine ID="line_24"
                    TAGREFS="LT8"
                    BASELINE="93 1326 1492 1345" 
                    HPOS="92"
                    VPOS="1287"
                    WIDTH="1400"
                    HEIGHT="80">
            <Shape><Polygon POINTS="93 1326 92 1339 388 1344 392 1345 424 1354 426 1354 427 1354 710 1351 843 1351 852 1354 865 1360 867 1360 868 1360 909 1356 939 1353 944 1356 952 1361 953 1361 955 1361 956 1361 999 1357 1032 1354 1068 1359 1100 1363 1101 1363 1126 1360 1155 1356 1166 1360 1173 1364 1175 1364 1176 1364 1213 1361 1245 1359 1265 1363 1284 1366 1286 1367 1491 1367 1492 1345 1490 1300 1418 1310 1305 1310 1279 1298 1277 1298 1276 1298 1175 1306 1163 1298 1161 1298 1160 1298 1158 1298 1157 1298 1138 1306 1078 1296 1062 1294 902 1293 901 1293 887 1296 846 1303 776 1294 738 1290 736 1290 717 1294 701 1297 665 1293 619 1288 618 1288 588 1293 552 1298 520 1293 492 1287 445 1287 443 1287 442 1287 440 1287 433 1291 424 1297 375 1291 348 1288 347 1288 345 1288 344 1288 341 1291 332 1296 93 1290 93 1326"/></Shape>
	    <String CONTENT="vestí con la mayor sencillez, aunque con todo el aseo y gusto"
                    HPOS="92"
                    VPOS="1287"
                    WIDTH="1400"
                    HEIGHT="80"
                    WC="0.9879"></String>
          </TextLine>
          <TextLine ID="line_25"
                    TAGREFS="LT8"
                    BASELINE="89 1378 1492 1395" 
                    HPOS="87"
                    VPOS="1337"
                    WIDTH="1405"
                    HEIGHT="79">
            <Shape><Polygon POINTS="89 1378 87 1391 109 1400 111 1400 112 1400 186 1392 206 1391 254 1394 440 1404 442 1404 536 1397 556 1395 561 1397 580 1404 581 1404 583 1404 678 1400 713 1407 714 1407 818 1400 829 1400 830 1400 843 1408 845 1408 846 1408 848 1408 849 1408 879 1401 883 1400 886 1401 905 1410 906 1410 908 1410 1068 1402 1085 1402 1088 1402 1114 1411 1116 1411 1117 1411 1119 1411 1144 1404 1145 1404 1151 1404 1375 1416 1377 1416 1491 1407 1492 1395 1492 1363 1457 1354 1456 1354 1454 1354 1429 1361 1421 1364 1324 1364 1276 1359 1208 1351 1207 1351 1176 1357 1147 1361 1132 1356 1117 1350 1116 1350 1114 1350 1113 1350 1100 1356 1085 1361 1034 1361 1015 1353 1002 1348 1000 1348 999 1348 965 1353 920 1359 902 1351 892 1347 890 1347 889 1347 854 1350 791 1357 766 1348 755 1345 754 1345 753 1345 732 1348 679 1356 628 1347 627 1347 440 1353 404 1342 399 1341 398 1341 397 1341 382 1341 300 1347 265 1339 263 1339 262 1339 260 1339 219 1348 89 1337 89 1378"/></Shape>
	    <String CONTENT="bien entendido que caracteriza al hombre de corte; y á po¬"
                    HPOS="87"
                    VPOS="1337"
                    WIDTH="1405"
                    HEIGHT="79"></String>
          </TextLine>
          <TextLine ID="line_26"
                    TAGREFS="LT8"
                    BASELINE="87 1430 1492 1449" 
                    HPOS="86"
                    VPOS="1389"
                    WIDTH="1406"
                    HEIGHT="81">
            <Shape><Polygon POINTS="87 1430 86 1451 1381 1461 1383 1462 1397 1470 1399 1470 1400 1470 1491 1462 1492 1449 1491 1417 1339 1416 1334 1414 1264 1404 1262 1404 1223 1413 1221 1413 1220 1413 1195 1402 1194 1402 1192 1402 1126 1411 1123 1411 1120 1411 1060 1400 867 1398 865 1398 786 1407 782 1407 779 1407 736 1395 735 1395 734 1395 665 1401 609 1394 608 1394 565 1404 564 1404 561 1404 521 1392 520 1392 518 1392 517 1392 486 1402 468 1402 389 1401 375 1391 373 1391 372 1391 370 1391 320 1401 316 1401 235 1401 234 1400 218 1389 216 1389 215 1389 213 1389 212 1389 186 1400 183 1400 142 1400 140 1398 127 1389 125 1389 124 1389 123 1389 87 1397 87 1430"/></Shape>
	    <String CONTENT="co rato, subimos al coche y marchamos para casa de mi ami¬"
                    HPOS="86"
                    VPOS="1389"
                    WIDTH="1406"
                    HEIGHT="81"
                    WC="0.9737583333333333"></String>
          </TextLine>
          <TextLine ID="line_27"
                    TAGREFS="LT8"
                    BASELINE="90 1479 1490 1498" 
                    HPOS="90"
                    VPOS="1441"
                    WIDTH="1400"
                    HEIGHT="77">
            <Shape><Polygon POINTS="90 1479 90 1499 518 1496 593 1506 596 1506 597 1506 602 1506 734 1499 786 1509 789 1509 1046 1512 1047 1512 1088 1505 1123 1512 1125 1512 1191 1506 1230 1515 1233 1515 1235 1515 1236 1515 1258 1508 1271 1515 1271 1517 1273 1517 1274 1517 1276 1517 1287 1517 1349 1511 1487 1518 1490 1498 1488 1470 1274 1455 1273 1455 1221 1464 1216 1465 1210 1464 1169 1454 1167 1454 1166 1454 1051 1462 1034 1462 1031 1461 1009 1452 1007 1452 950 1451 873 1451 871 1451 870 1451 855 1458 849 1461 738 1461 726 1457 701 1448 700 1448 698 1448 581 1454 521 1457 423 1457 410 1451 392 1445 391 1445 389 1445 350 1451 323 1454 316 1449 307 1442 306 1442 304 1442 303 1442 268 1449 250 1452 232 1448 219 1445 218 1445 216 1445 188 1448 152 1451 142 1446 128 1441 127 1441 125 1441 90 1445 90 1479"/></Shape>
	    <String CONTENT="go; en el camino traté de concentrarme en mi mismo y"
                    HPOS="90"
                    VPOS="1441"
                    WIDTH="1400"
                    HEIGHT="77"
                    WC="0.9982545454545455"></String>
          </TextLine>
          <TextLine ID="line_28"
                    TAGREFS="LT8"
                    BASELINE="87 1528 1494 1550" 
                    HPOS="86"
                    VPOS="1486"
                    WIDTH="1408"
                    HEIGHT="86">
            <Shape><Polygon POINTS="87 1528 86 1542 183 1553 184 1553 249 1546 253 1546 263 1553 265 1553 266 1553 268 1553 334 1547 345 1547 411 1549 707 1561 709 1561 710 1561 726 1556 738 1553 753 1556 770 1562 772 1562 773 1562 799 1558 818 1555 826 1559 833 1564 835 1564 836 1564 838 1564 839 1564 852 1559 861 1556 890 1559 930 1565 931 1565 974 1562 1022 1558 1047 1564 1060 1566 1062 1566 1063 1566 1079 1564 1109 1559 1120 1565 1123 1566 1125 1566 1126 1566 1166 1566 1303 1562 1324 1569 1328 1571 1330 1571 1331 1571 1350 1569 1419 1565 1491 1572 1494 1550 1494 1517 1262 1514 1255 1511 1204 1501 1202 1501 1150 1506 1120 1499 1119 1499 1117 1499 1116 1499 1091 1508 1087 1509 1072 1508 986 1498 984 1498 783 1502 731 1503 726 1502 713 1493 712 1493 710 1493 653 1492 651 1492 590 1499 562 1502 553 1498 537 1490 536 1490 341 1487 339 1487 306 1493 284 1498 260 1493 228 1486 227 1486 225 1486 213 1492 205 1496 87 1490 87 1528"/></Shape>
	    <String CONTENT="componer el semblante, para presentarle á Julia un aspecto"
                    HPOS="86"
                    VPOS="1486"
                    WIDTH="1408"
                    HEIGHT="86"
                    WC="0.9637555555555556"></String>
          </TextLine>
          <TextLine ID="line_29"
                    TAGREFS="LT8"
                    BASELINE="87 1583 823 1591" 
                    HPOS="86"
                    VPOS="1544"
                    WIDTH="737"
                    HEIGHT="66">
            <Shape><Polygon POINTS="87 1583 86 1600 188 1603 190 1603 191 1603 193 1603 196 1600 208 1593 268 1600 293 1603 294 1603 295 1603 307 1600 331 1594 350 1600 369 1606 370 1606 372 1606 373 1606 386 1600 397 1596 413 1600 436 1606 438 1606 439 1606 440 1606 442 1606 442 1605 448 1600 451 1597 530 1597 542 1600 583 1609 584 1609 632 1599 640 1599 654 1599 797 1610 798 1610 799 1610 821 1599 823 1591 821 1562 791 1562 789 1561 775 1550 773 1550 772 1550 770 1550 624 1559 618 1559 608 1550 608 1549 606 1549 605 1549 577 1547 575 1547 574 1547 533 1558 498 1547 496 1547 495 1547 493 1547 474 1558 473 1558 402 1558 401 1558 391 1547 391 1546 389 1546 388 1546 386 1546 314 1555 291 1544 290 1544 288 1544 134 1553 101 1544 99 1544 98 1544 96 1544 95 1544 87 1549 87 1583"/></Shape>
	    <String CONTENT="respetuoso al paso que amable."
                    HPOS="86"
                    VPOS="1544"
                    WIDTH="737"
                    HEIGHT="66"
                    WC="0.99954"></String>
          </TextLine>
          <TextLine ID="line_30"
                    TAGREFS="LT8"
                    BASELINE="188 1637 1492 1653" 
                    HPOS="188"
                    VPOS="1590"
                    WIDTH="1304"
                    HEIGHT="78">
            <Shape><Polygon POINTS="1490 1602 1448 1618 1377 1618 1359 1603 1358 1603 1356 1603 1355 1603 1353 1603 1333 1612 1293 1600 1289 1599 1287 1599 1286 1599 1279 1600 1208 1613 1177 1599 1173 1597 1172 1597 1136 1596 1135 1596 1120 1599 1066 1609 974 1599 972 1599 928 1605 905 1596 895 1593 893 1593 813 1593 811 1593 810 1593 804 1596 791 1602 783 1596 780 1593 779 1593 777 1593 776 1593 748 1596 694 1600 669 1594 656 1591 654 1591 653 1591 632 1594 561 1606 527 1596 525 1596 524 1596 388 1603 369 1591 367 1591 366 1591 364 1591 348 1591 206 1602 191 1590 188 1637 188 1653 420 1648 501 1657 511 1657 512 1657 531 1657 662 1651 703 1659 713 1660 714 1662 714 1660 723 1659 757 1653 767 1660 769 1660 770 1660 772 1660 785 1660 851 1654 903 1660 924 1663 925 1663 949 1662 1005 1656 1029 1662 1040 1665 1041 1665 1043 1665 1056 1662 1081 1657 1138 1663 1169 1666 1170 1668 1491 1668 1492 1653 1490 1602"/></Shape>
	    <String CONTENT="....... Julia estaba en el balcon... al torcer la esquina el"
                    HPOS="188"
                    VPOS="1590"
                    WIDTH="1304"
                    HEIGHT="78"></String>
          </TextLine>
          <TextLine ID="line_31"
                    TAGREFS="LT8"
                    BASELINE="87 1682 1218 1698" 
                    HPOS="86"
                    VPOS="1634"
                    WIDTH="1132"
                    HEIGHT="82">
            <Shape><Polygon POINTS="965 1647 964 1647 952 1650 930 1656 911 1648 905 1647 903 1647 902 1647 889 1648 854 1654 770 1647 755 1646 754 1646 748 1646 719 1651 599 1643 586 1643 571 1643 556 1643 542 1641 533 1641 502 1650 489 1641 483 1641 468 1641 464 1641 421 1647 389 1640 380 1640 366 1640 351 1640 336 1640 322 1640 312 1640 194 1646 177 1635 177 1634 175 1634 174 1634 87 1634 87 1682 86 1692 190 1706 191 1706 254 1697 256 1697 282 1706 284 1706 285 1706 379 1698 394 1698 395 1700 410 1709 411 1709 413 1709 414 1709 619 1704 675 1703 688 1704 728 1713 729 1713 833 1707 880 1706 889 1709 902 1714 903 1714 905 1714 906 1714 921 1710 928 1707 940 1710 965 1716 966 1716 968 1716 1028 1711 1072 1709 1216 1714 1218 1698 1217 1656 1151 1659 1132 1653 1120 1650 1119 1650 1117 1650 1091 1653 1051 1657 999 1651 966 1647 965 1647"/></Shape>
	    <String CONTENT="coche, corrió para dentro.... ya yo la habia visto."
                    HPOS="86"
                    VPOS="1634"
                    WIDTH="1132"
                    HEIGHT="82"></String>
          </TextLine>
          <TextLine ID="line_32"
                    TAGREFS="LT8"
                    BASELINE="187 1736 1495 1754" 
                    HPOS="187"
                    VPOS="1695"
                    WIDTH="1308"
                    HEIGHT="79">
            <Shape><Polygon POINTS="187 1736 187 1750 247 1750 251 1751 263 1758 265 1758 266 1758 268 1758 269 1758 288 1751 295 1750 310 1751 350 1758 351 1758 353 1758 354 1758 363 1752 366 1751 372 1752 404 1761 405 1761 407 1761 483 1754 496 1752 499 1754 512 1763 514 1763 515 1763 517 1763 566 1754 574 1754 586 1755 662 1763 663 1763 716 1755 725 1755 732 1757 773 1766 775 1766 776 1766 799 1757 801 1757 804 1757 854 1767 855 1767 902 1758 903 1758 906 1758 949 1769 950 1770 1010 1770 1010 1769 1012 1769 1013 1769 1028 1760 1057 1770 1059 1770 1060 1770 1154 1764 1189 1771 1191 1771 1355 1764 1374 1773 1375 1773 1377 1773 1443 1767 1454 1774 1456 1774 1457 1774 1459 1774 1460 1774 1494 1764 1495 1754 1495 1717 1438 1711 1437 1711 1415 1716 1393 1719 1368 1714 1340 1710 1339 1710 1337 1710 1325 1714 1309 1719 1239 1719 1170 1711 1123 1707 1122 1707 1120 1707 1109 1710 1085 1716 1054 1709 1035 1706 1034 1706 1006 1709 955 1714 914 1707 898 1704 826 1704 824 1704 823 1704 821 1704 820 1706 810 1711 574 1703 572 1703 313 1706 273 1695 268 1695 187 1695 187 1736"/></Shape>
	    <String CONTENT="El anciano y yo entramos á la cuadra; Julia y su mamá"
                    HPOS="187"
                    VPOS="1695"
                    WIDTH="1308"
                    HEIGHT="79"
                    WC="0.9972166666666666"></String>
          </TextLine>
          <TextLine ID="line_33"
                    TAGREFS="LT8"
                    BASELINE="84 1785 605 1789" 
                    HPOS="83"
                    VPOS="1741"
                    WIDTH="522"
                    HEIGHT="69">
            <Shape><Polygon POINTS="84 1785 83 1799 602 1810 605 1789 605 1744 569 1744 568 1744 566 1744 565 1744 539 1760 523 1760 506 1745 505 1744 503 1744 502 1744 501 1744 499 1744 495 1745 479 1754 473 1747 473 1745 471 1745 471 1744 470 1744 468 1744 432 1742 430 1742 399 1748 350 1757 325 1750 316 1747 314 1747 313 1747 312 1747 310 1747 307 1750 295 1757 213 1757 199 1752 156 1741 155 1741 153 1741 84 1754 84 1785"/></Shape>
	    <String CONTENT="salieron á recibirnos."
                    HPOS="83"
                    VPOS="1741"
                    WIDTH="522"
                    HEIGHT="69"
                    WC="0.9924666666666666"></String>
          </TextLine>
          <TextLine ID="line_34"
                    TAGREFS="LT8"
                    BASELINE="199 1837 1492 1855" 
                    HPOS="197"
                    VPOS="1791"
                    WIDTH="1295"
                    HEIGHT="84">
            <Shape><Polygon POINTS="199 1837 197 1851 372 1859 373 1859 375 1859 392 1853 395 1853 397 1853 426 1862 427 1862 429 1862 473 1855 482 1853 489 1855 521 1864 523 1864 524 1864 569 1856 578 1855 599 1856 669 1862 671 1862 719 1858 736 1856 747 1858 786 1867 788 1867 789 1867 820 1859 826 1858 829 1859 845 1868 846 1868 848 1868 915 1861 927 1859 930 1861 950 1870 952 1870 953 1870 1046 1864 1057 1871 1059 1871 1060 1871 1062 1871 1131 1862 1141 1862 1144 1864 1169 1873 1170 1873 1172 1873 1325 1865 1342 1865 1346 1865 1390 1875 1391 1875 1491 1867 1492 1855 1492 1823 1427 1807 1425 1807 1424 1807 1371 1820 1309 1807 1308 1807 1306 1807 1276 1820 1245 1820 1232 1820 1232 1818 1204 1805 1202 1805 1201 1805 1141 1815 1123 1802 1122 1802 1120 1802 1066 1802 1065 1802 1063 1802 1062 1802 1046 1812 1010 1805 1009 1805 1007 1805 1006 1805 993 1814 944 1799 943 1799 942 1799 940 1799 911 1810 855 1804 854 1804 852 1804 823 1812 798 1798 797 1798 795 1798 736 1796 735 1796 672 1812 657 1812 637 1812 637 1811 621 1799 619 1799 618 1799 616 1799 615 1799 580 1810 432 1810 397 1793 395 1793 394 1793 392 1793 358 1802 332 1793 331 1793 329 1793 328 1793 326 1793 312 1804 276 1791 275 1791 273 1791 199 1805 199 1837"/></Shape>
	    <String CONTENT="–Nada hay que hacer ni que decir ya mis señoras [di¬"
                    HPOS="197"
                    VPOS="1791"
                    WIDTH="1295"
                    HEIGHT="84"></String>
          </TextLine>
          <TextLine ID="line_35"
                    TAGREFS="LT8"
                    BASELINE="79 1887 1488 1908" 
                    HPOS="79"
                    VPOS="1837"
                    WIDTH="1409"
                    HEIGHT="90">
            <Shape><Polygon POINTS="568 1843 543 1848 508 1855 495 1846 490 1843 489 1843 487 1843 486 1843 468 1846 430 1853 399 1845 395 1843 394 1843 285 1840 284 1840 282 1840 278 1842 262 1848 251 1840 249 1839 247 1839 246 1839 244 1839 243 1839 237 1840 218 1848 199 1839 197 1839 196 1839 79 1837 79 1887 79 1906 558 1906 571 1911 581 1915 583 1915 584 1915 628 1912 675 1908 735 1912 804 1918 805 1918 848 1914 876 1911 883 1914 895 1919 896 1919 898 1919 1097 1915 1144 1915 1150 1916 1186 1924 1188 1924 1258 1916 1268 1916 1280 1916 1387 1927 1388 1927 1487 1918 1488 1908 1488 1871 1353 1868 1352 1867 1305 1856 1303 1856 1139 1862 1075 1864 870 1855 569 1843 568 1843"/></Shape>
	    <String CONTENT="jo el anciano] todo esta allanado; franqueza entre UU. y ha¬"
                    HPOS="79"
                    VPOS="1837"
                    WIDTH="1409"
                    HEIGHT="90"></String>
          </TextLine>
          <TextLine ID="line_36"
                    TAGREFS="LT8"
                    BASELINE="80 1937 1302 1955" 
                    HPOS="79"
                    VPOS="1897"
                    WIDTH="1223"
                    HEIGHT="72">
            <Shape><Polygon POINTS="80 1937 79 1952 1299 1969 1302 1955 1299 1914 1262 1921 1164 1912 1157 1912 1155 1912 1154 1912 1153 1912 1128 1921 1092 1912 1087 1911 1085 1911 1084 1911 1076 1912 1032 1921 1015 1911 1013 1911 1012 1911 1010 1911 1005 1911 962 1919 925 1911 924 1911 923 1911 921 1911 911 1911 794 1918 757 1909 747 1908 745 1908 744 1908 736 1909 712 1916 692 1909 691 1909 690 1909 688 1909 678 1909 590 1915 537 1908 486 1902 484 1902 455 1908 435 1912 424 1908 417 1905 416 1905 414 1905 413 1905 405 1908 395 1912 383 1908 376 1905 375 1905 373 1905 347 1908 312 1911 303 1906 284 1899 282 1899 281 1899 279 1899 260 1906 253 1911 188 1911 177 1906 147 1897 146 1897 145 1897 80 1905 80 1937"/></Shape>
	    <String CONTENT="blemos de otra cosa; yo estoy encargado de todo..."
                    HPOS="79"
                    VPOS="1897"
                    WIDTH="1223"
                    HEIGHT="72"></String>
          </TextLine>
          <TextLine ID="line_37"
                    TAGREFS="LT8"
                    BASELINE="187 1988 1076 2000" 
                    HPOS="186"
                    VPOS="1949"
                    WIDTH="890"
                    HEIGHT="71">
            <Shape><Polygon POINTS="187 1988 186 1997 328 2010 329 2010 389 2006 407 2013 408 2013 410 2013 411 2013 435 2003 458 2010 460 2010 461 2010 599 2004 629 2016 631 2016 632 2016 741 2010 849 2018 851 2018 852 2018 880 2009 890 2018 890 2019 892 2019 893 2019 965 2020 966 2020 1075 2009 1076 2000 1073 1959 1034 1960 1032 1960 1031 1960 1031 1962 1018 1972 947 1968 937 1959 937 1957 936 1957 934 1957 848 1957 846 1957 845 1957 843 1957 842 1959 826 1969 807 1959 799 1956 798 1956 797 1956 795 1956 786 1959 761 1969 739 1960 738 1960 736 1960 671 1968 649 1959 643 1957 641 1957 640 1957 606 1960 528 1966 523 1960 515 1953 515 1952 514 1952 512 1952 492 1952 490 1952 489 1952 487 1952 487 1953 480 1960 479 1962 411 1965 399 1960 376 1950 375 1950 373 1950 310 1960 301 1962 295 1960 251 1949 250 1949 249 1949 247 1949 246 1949 246 1950 232 1960 231 1962 187 1962 187 1988"/></Shape>
	    <String CONTENT="–Gracias, mil veces gracias! dije yo."
                    HPOS="186"
                    VPOS="1949"
                    WIDTH="890"
                    HEIGHT="71"></String>
          </TextLine>
          <TextLine ID="line_38"
                    TAGREFS="LT8"
                    BASELINE="221 2044 1488 2059" 
                    HPOS="221"
                    VPOS="1993"
                    WIDTH="1267"
                    HEIGHT="82">
            <Shape><Polygon POINTS="221 2044 221 2063 347 2056 440 2056 467 2066 473 2067 474 2067 476 2067 477 2067 482 2066 495 2060 505 2066 509 2067 511 2067 512 2067 514 2067 520 2066 540 2060 553 2066 556 2067 558 2067 559 2067 561 2067 565 2066 580 2060 701 2060 719 2067 728 2070 729 2070 731 2070 764 2067 829 2061 845 2067 854 2072 855 2072 857 2073 965 2073 965 2072 966 2072 968 2072 971 2069 980 2063 1012 2069 1035 2073 1037 2073 1059 2069 1090 2064 1122 2070 1150 2075 1151 2075 1487 2072 1488 2059 1485 2020 1364 2020 1340 2016 1284 2006 1283 2006 1281 2006 1258 2015 1245 2019 1230 2015 1199 2004 1198 2004 1196 2004 1195 2004 1169 2013 1166 2013 1163 2013 1133 2004 1132 2004 1131 2004 1041 2006 1040 2006 1032 2010 1019 2016 893 2016 854 2006 838 2003 836 2003 795 2004 685 2010 660 2001 656 2000 654 2000 653 2000 622 2001 537 2004 487 1998 468 1996 467 1996 449 1997 350 2009 314 1994 313 1994 221 1993 221 2044"/></Shape>
	    <String CONTENT="–¡Que mi papasito! dijo Julia, y me miró con la ino¬"
                    HPOS="221"
                    VPOS="1993"
                    WIDTH="1267"
                    HEIGHT="82"
                    WC="0.9960454545454546"></String>
          </TextLine>
          <TextLine ID="line_39"
                    TAGREFS="LT8"
                    BASELINE="76 2089 1487 2108" 
                    HPOS="76"
                    VPOS="2041"
                    WIDTH="1411"
                    HEIGHT="88">
            <Shape><Polygon POINTS="707 2050 706 2050 704 2050 703 2050 695 2051 665 2061 632 2051 629 2050 628 2050 627 2050 619 2050 564 2060 542 2050 540 2050 539 2050 537 2050 518 2060 498 2048 496 2048 495 2048 493 2048 492 2048 476 2059 442 2047 440 2047 439 2047 438 2047 436 2047 435 2047 395 2057 375 2047 369 2047 354 2047 347 2045 235 2056 216 2044 215 2044 213 2044 76 2041 76 2089 76 2107 506 2107 527 2114 534 2116 536 2116 537 2116 561 2114 613 2110 638 2116 651 2119 653 2119 654 2119 669 2116 700 2110 745 2117 764 2120 766 2120 779 2117 814 2111 921 2120 959 2123 961 2123 983 2121 1049 2114 1079 2123 1081 2123 1082 2123 1084 2123 1088 2123 1132 2116 1157 2124 1163 2126 1164 2126 1166 2126 1167 2126 1173 2124 1191 2119 1205 2124 1208 2126 1210 2126 1211 2126 1239 2126 1356 2121 1484 2129 1487 2108 1484 2067 1325 2070 1308 2063 1302 2061 1301 2061 1299 2061 1298 2061 1292 2063 1268 2070 1236 2061 1233 2061 1232 2061 1230 2061 1226 2061 1194 2069 1163 2060 1160 2060 1158 2060 1157 2060 1155 2060 1153 2060 1128 2067 1098 2060 1090 2057 1088 2057 1087 2057 1085 2057 1079 2059 1059 2067 946 2067 930 2057 928 2057 927 2057 925 2057 861 2064 811 2054 808 2054 807 2054 804 2054 729 2063 712 2053 709 2050 707 2050"/></Shape>
	    <String CONTENT="cencia del recien nacido, con la ternura de una vírjen, con"
                    HPOS="76"
                    VPOS="2041"
                    WIDTH="1411"
                    HEIGHT="88"></String>
          </TextLine>
          <TextLine ID="line_40"
                    TAGREFS="LT8"
                    BASELINE="84 2139 1192 2152" 
                    HPOS="83"
                    VPOS="2094"
                    WIDTH="1109"
                    HEIGHT="77">
            <Shape><Polygon POINTS="84 2139 83 2151 700 2167 701 2167 977 2162 988 2170 990 2170 991 2170 1109 2171 1110 2171 1191 2162 1192 2152 1191 2116 1133 2105 1132 2105 862 2111 824 2111 751 2110 208 2094 206 2094 84 2101 84 2139"/></Shape>
	    <String CONTENT="el cariño de una hermana! que linda estaba!!!"
                    HPOS="83"
                    VPOS="2094"
                    WIDTH="1109"
                    HEIGHT="77"
                    WC="0.9884999999999999"></String>
          </TextLine>
          <TextLine ID="line_41"
                    TAGREFS="LT8"
                    BASELINE="178 2193 1488 2209" 
                    HPOS="177"
                    VPOS="2145"
                    WIDTH="1311"
                    HEIGHT="83">
            <Shape><Polygon POINTS="178 2193 177 2203 281 2205 282 2206 295 2215 297 2215 298 2215 300 2215 342 2208 344 2208 401 2215 402 2215 578 2212 653 2211 663 2214 684 2220 685 2220 687 2220 820 2217 889 2215 911 2218 942 2223 943 2223 944 2223 955 2220 965 2215 1097 2221 1179 2225 1180 2225 1199 2224 1248 2218 1268 2225 1274 2227 1276 2227 1485 2228 1488 2209 1488 2171 1441 2162 1440 2162 1438 2162 1413 2170 1409 2170 1264 2170 1257 2165 1235 2157 1233 2157 1232 2157 1180 2164 1161 2167 1136 2164 1078 2155 1076 2155 1044 2161 1027 2165 1021 2161 1015 2157 1013 2157 1012 2157 1010 2157 974 2160 937 2164 914 2160 889 2154 887 2154 857 2158 824 2162 753 2162 741 2155 734 2152 732 2152 731 2152 729 2152 719 2155 704 2160 618 2154 581 2151 580 2151 578 2151 574 2152 559 2158 464 2149 417 2146 416 2146 402 2149 369 2157 353 2148 350 2146 348 2146 347 2146 345 2146 342 2148 322 2157 298 2146 294 2145 293 2145 178 2145 178 2193"/></Shape>
	    <String CONTENT="La conversacion se hizo jeneral sobre diversas cosas; don"
                    HPOS="177"
                    VPOS="2145"
                    WIDTH="1311"
                    HEIGHT="83"
                    WC="0.9865888888888888"></String>
          </TextLine>
          <TextLine ID="line_42"
                    TAGREFS="LT8"
                    BASELINE="79 2240 1488 2259" 
                    HPOS="77"
                    VPOS="2193"
                    WIDTH="1411"
                    HEIGHT="87">
            <Shape><Polygon POINTS="619 2199 618 2199 616 2199 600 2205 590 2208 540 2203 483 2198 482 2198 451 2201 405 2206 394 2199 386 2196 385 2196 383 2196 356 2199 303 2205 291 2198 288 2195 284 2195 260 2196 221 2201 79 2193 79 2240 77 2259 698 2261 808 2271 839 2272 840 2272 858 2271 925 2265 943 2272 947 2274 949 2274 950 2274 964 2272 1019 2266 1229 2277 1274 2278 1276 2278 1284 2277 1325 2271 1374 2278 1384 2280 1385 2280 1396 2280 1446 2272 1485 2280 1488 2259 1488 2225 1380 2224 1378 2223 1358 2214 1356 2214 1355 2214 1353 2214 1352 2214 1340 2221 1339 2221 1164 2221 1157 2217 1135 2208 1133 2208 1132 2208 1059 2215 1037 2217 1018 2214 965 2205 964 2205 962 2205 936 2212 923 2215 871 2211 838 2208 836 2208 816 2209 769 2214 744 2208 726 2203 725 2203 723 2203 688 2206 654 2209 640 2205 621 2199 619 2199"/></Shape>
	    <String CONTENT="Prospero entró y con marcial gallardia se agarró las manos"
                    HPOS="77"
                    VPOS="2193"
                    WIDTH="1411"
                    HEIGHT="87"
                    WC="0.9772000000000001"></String>
          </TextLine>
          <TextLine ID="line_43"
                    TAGREFS="LT8"
                    BASELINE="77 2288 1481 2315" 
                    HPOS="76"
                    VPOS="2247"
                    WIDTH="1405"
                    HEIGHT="113">
            <Shape><Polygon POINTS="77 2288 76 2347 421 2354 423 2354 460 2347 474 2344 482 2347 498 2354 499 2354 501 2354 502 2354 527 2348 597 2357 599 2357 665 2350 666 2350 673 2347 690 2338 709 2347 714 2348 716 2348 717 2348 732 2347 775 2338 786 2346 792 2351 794 2351 795 2351 797 2351 798 2351 799 2351 807 2346 829 2334 855 2334 886 2346 921 2360 923 2360 924 2360 925 2360 958 2346 978 2337 1088 2337 1110 2346 1142 2357 1144 2357 1145 2357 1147 2357 1148 2357 1166 2346 1169 2344 1183 2346 1224 2350 1226 2350 1259 2346 1279 2343 1295 2346 1355 2357 1356 2357 1479 2344 1481 2315 1479 2281 1321 2266 1320 2266 1259 2275 1246 2277 1072 2274 1068 2271 1049 2264 1047 2264 1046 2264 1044 2264 1031 2269 1010 2261 1009 2261 1007 2261 1006 2261 986 2269 980 2271 958 2268 887 2259 886 2259 835 2265 813 2268 789 2265 738 2256 643 2255 641 2255 640 2255 638 2255 629 2261 622 2265 583 2259 523 2252 521 2252 480 2258 455 2261 445 2256 429 2250 427 2250 426 2250 367 2255 312 2259 269 2253 235 2247 234 2247 232 2247 224 2252 215 2256 77 2249 77 2288"/></Shape>
	    <String CONTENT="de Julia..., ella se sonrojó, creia haberme hecho una ofensa...."
                    HPOS="76"
                    VPOS="2247"
                    WIDTH="1405"
                    HEIGHT="113"></String>
          </TextLine>
        </TextBlock>
      </PrintSpace>
    </Page>
  </Layout>
</alto>
