1600 2638
796 81 143 59 (10)

149 136 1398 66 que su primojenita; se parece á ella mucho, y solo se les dis¬

149 174 1399 76 tingue por tener la cara empedrada de barritos; en el carac¬

148 219 1402 85 ter son diversas; esta no espera á nadie ni apetece conquis¬

149 281 1402 73 tas, sus labios siempre espresan la sonrisa del desprecio....

156 331 1080 69 á lo menos es justa–devuelve lo que recibe.

250 372 1307 86 El tercero es Don Chombo, joven de excelentes cuali¬

148 423 1412 79 dades, rebosando de talento, virtuoso á toda prueba y ama¬

148 474 1413 87 ble; pero desgraciado! en su semblante chato y pálido se lee

146 529 1415 80 el sentimiento de un profundo y perpetuo dolor; sus panta¬

145 578 1415 80 lones indican, por el estado en que se hallan, un filosófico

149 630 1405 85 descuido, lo mismo diré de su levita y zapatos; en fin....,

148 684 378 63 es buen joven!!

246 726 1312 85 Chepa, Juancho, y Luis, son los criados de la casa; An¬

149 778 1412 88 tuca es la china de la niña Jesusita; gran traje de Medino

151 832 1407 85 Modode, sombredaso de China, pañuelon de diamantina blan¬

149 885 1411 85 co bordado de colodes, zapatos y medias de seda; es su ata¬

151 940 1410 80 vío....: gran potro saino, gran silla de cajon con los can¬

151 987 1407 81 toneados, espuela roncadoda, la acaban de enguapar–el ca¬

153 1042 1407 79 pellan de la familia le viene hablando sobre la inmortalidad

149 1087 1405 86 del alma y la frajilidad de las cosas humanas: de cerca los

149 1138 1405 90 sigue, contando las nubes, fray Jerundio amigo de la casa.

252 1194 1301 76 A esta familia se ha reunido la de Da. Lucrecia y la

149 1239 1405 87 de Da. Hortencia, iguales en todo á la que acabo de hacer

149 1295 1402 119 conocer, y con sus respectivos capellanes, amigos y sirvien¬

153 1340 187 110 tes etc.

250 1389 1306 94 Reunidos ya, dice Da. Hortencia desde su calesa ar¬

155 1446 218 97 zobispal.

253 1486 809 90 Me parece que podiamos marchar.

246 1550 1310 78 En esto veo á Da. Silvestra directora del paseo, dar vuel¬

152 1603 1404 75 ta en su calesa, empujar á un lado á su marido, reñirlo as¬

153 1653 1405 76 peramente por haber metido un pié en una canasta llena

152 1708 1406 78 de huevos que va en el fondo del carruaje, y despues ex¬

153 1757 187 60 clamar:

263 1796 1294 96 –Siempre me lo figuré, este D. Lucas es tan simplon!

153 1853 1404 87 pero vean ustedes, las siete y media del dia y este cándido

152 1906 254 66 no viene.

255 1952 1303 90 Media hora se pasó entre las imprecaciones, reprensio¬

152 2007 1405 82 nes y acaloramientos de Da. Silvestra al cabo de la que se

152 2059 1405 86 divisó una flauta cuadrúpeda que con reflexivo paso condu¬

155 2108 1401 88 cia á D. Lucas, mas el zambito engreido delante, y un ata¬

152 2161 1401 88 do de biscochuelos que D. Lucas traia en la mano derecha.

262 2212 1022 102 Poco á poco se fué acercando, al fin llegó

265 2268 636 120 –Ai Señor! que muchacho!
