1441 2418
153 128 70 103 78

298 145 844 90 CONVERSACIONES FILOSOFICAS.

145 249 1146 99 cosas absolutamente dignas del ingenio hu¬

141 330 1156 89 mano. Desde el dia de la creacion hasta

143 407 1146 82 hoy, el arte de escribir y su taquigrafía;

137 471 1158 89 los ausilios que han prestado á la vista, á la

137 544 1152 84 industria y al tráfico, la optica, la mecánica,

137 620 1150 83 la neumatica, y el vapor; y los adelantamientos

137 691 1150 84 de la navegacion, y la instruccion de sordo

137 765 1148 71 mudos, son los beneficios de primer órden

135 830 1150 82 que nos presentan las ciencias naturales. La

131 904 1148 79 quimica y la atraccion prometen mucho; pe¬

126 977 1157 74 ro hasta ahora solo nos presentan beneficios

128 1049 1149 81 secundarios. Aun sabemos muy poco del

128 1116 1145 82 agua, y menos del fuego de la electricidad y

126 1190 1151 83 el magnetismo, y de los álkalis y los ácidos,

126 1261 1149 83 y otras sales que parecen los agentes mas po¬

120 1333 637 87 derosos de la naturaleza.

122 1491 1151 62 PROGRESOS QUE FALTAN AL GENERO HU¬

616 1545 176 87 MANO.

173 1708 1098 63 93. Entre tanto, nos faltan bienes que las

114 1763 1153 84 necesidades y la razon casi los están indi¬

118 1839 1147 83 cando. No tenemos una escritura universal,

116 1918 1147 78 compendiosa y representativa de ideas, que

114 1978 1147 83 cada hombre pudiera leer en su propio idio¬

116 2053 1145 82 ma, sin embargo de que parece una invencion

112 2131 1145 115 muy necesaria, y de la que va el idioma nu¬
