1409 2403
477 168 436 62 NOCHE QUINTA.

1198 160 70 76 77

124 268 1152 90 gran docis de espíritu público, que tal vez solo

118 338 705 82 existe en el carácter Ingles.

174 412 1104 82 97. Phil. Confesareis por lo menos, que en

120 480 1162 82 orden á las ciencias naturales son prodigiosos

118 552 1166 88 nuestros progresos, y que no teniendo nada

124 626 1156 78 que envidiar á la antigüedad, tampoco debe¬

120 696 1162 88 mos esperar que nos lleven muchas ventajas

126 766 1084 79 los hombres que existan el año de 50000.

184 839 1104 76 Pol. Os confieso que tenemos mucho ade¬

126 909 1162 82 lantado en este ramo; pero permitidme que

126 987 1164 84 os diga, que no veo progresos de tanta solidez

136 1057 701 82 y utilidad cual necesitamos.

188 1125 1102 86 Despues de tantos libros é investigaciones,

130 1197 1162 78 la vida acaso es mas corta; las enfermedades

130 1269 1166 84 se multiplican; el hombre trabaja mas que

132 1339 1162 80 todos los animales domésticos para subsistir,

138 1413 1160 80 y aún se muere de hambre en las ciudades

130 1483 1166 80 mas opulentas. Se ha cargado de mil necesi¬

136 1555 1160 79 dades facticias: han aparecido muchas nue¬

138 1626 1160 84 vas dolencias; y casi para ninguna hay un

136 1696 1162 90 remedio específico y seguro. Existen mil ne¬

136 1770 1162 86 cesidades naturales muy aflictivas, y sin re¬

138 1848 190 74 cursos.

192 1908 1110 92 Se ha agotado el ingenio en brillantes mi¬

136 1990 1160 74 ñerias y en comodidades, las mas de segundo

140 2058 1148 95 órden, y también en artes dañosas. Faltan

1022 2153 90 53 G 2
