1418 2408
136 128 74 92 76

291 132 849 92 CONVERSACIONES FILOSOFICAS.

128 248 1165 99 su absolutismo (empresa tan desconocida

128 325 1159 88 como arrojada); la aristocracia que es mas

132 397 1153 90 perjudicial cuando lucha, que cuande domi¬

128 469 1157 86 na; el horror á una democracia sin princi¬

132 541 1153 91 pios, sin costumbres, y sin espiritu público;

132 610 1153 94 y aun mas que todo el horror á las reacciones,

130 682 1155 94 por los ejemplares tan funestos que han pre¬

122 754 1163 90 sentado la Francia, la España, y aún la Amé¬

124 828 1149 89 rica, de los abusos del poder demagógico y

132 896 1153 101 popular. ¿Cual podrá ser el exito en esta

122 971 193 82 lucha?

184 1043 1099 90 96. Faltan tambien las bases que sostengan,

124 1113 1155 82 conforten y arreglen esta libertad. No hay

126 1185 1161 91 instituciones ni educacion nacional, que desde

124 1254 1155 94 la infancia amolde á los hombres, á las leyes

126 1326 1151 98 y costumbres de una libertad moderada y res¬

128 1398 1151 94 petuosa á las magistraturas, y á las institu¬

124 1470 1155 85 ciones que ellos se han formado. Por el con¬

124 1543 1157 94 trario, se ha introducido lo que desvergonza¬

124 1613 1157 94 damente se llama sistema de oposicion, reduci¬

122 1689 1147 86 do á insultar y calumniar por la imprenta, y

122 1755 1155 97 sin grave necesidad á las autoridades, ha¬

118 1830 1157 92 ciéndoles perder el prestigio del respeto, pri¬

122 1902 1155 82 mer muelle del órden público. Este abuso

122 1974 1155 82 de libertad es frecuentemente inútil cuando

122 2050 1151 83 existen cuerpos representativos; y sobre todo,

122 2121 1155 134 solo puede templarse y corregirse con una
