1398 2423
464 155 439 95 NOCHE QUINTA

1187 185 71 61 71

113 292 1147 77 cular precisamente los premios y los honores

109 357 1149 81 á las bellas acciones, siendo el único juez de

109 428 1151 84 esta aplicacion la opinion pública. Pero para

109 502 1151 81 asegurarse de esta opinion, deberian los ancia¬

111 575 1147 83 nos ó los magistrados de todas las provincias,

113 644 1147 88 calificar los servicios, y el pueblo premiar á

115 716 549 89 uno ó mas calificados.

397 1078 566 81 NOCHE QUINTA.

117 1227 1143 81 PROGRESOS DE LA CIVILIZACION DEL GE¬

472 1292 431 85 NERO HUMANO.

163 1445 1099 75 93. Phil. ¿Los hombres de 1827 serán

115 1514 1016 73 tambien los mismos en el año de 50000?

167 1574 1095 89 Pol. En verdad que la experiencia no pa¬

113 1649 1145 81 rece muy favorable, para esperar grandes pro¬

117 1722 1143 87 gresos; y casi puede creerse que sean los mis¬

107 1793 1151 90 mos, y aun retrograden en lo politico y moral;

107 1863 1153 81 á no ser que un hombre Dios, como se quiere

111 1932 1151 93 deducir de las sagradas escrituras, venga á

111 2007 1147 82 reinar entre nosotros, y á dar nueva organi¬

111 2079 856 83 zacion y vigor al género humano.

180 2144 1070 90 94. Sin embargo, la infancia del mundo
