1413 2405
493 160 436 64 NOCHE QUINTA.

1206 158 78 68 73

124 258 1156 82 fanáticos, tambien la culta Grecia y la polí¬

126 328 1156 84 tica Roma tenian sus gladiatores y sus lu¬

128 402 1160 83 chas con las fieras; y la fina delicadeza de la

126 478 1154 85 ilustrada Europa, se ejercita en los duelos,

126 559 1158 74 los suicidios, y en los horrores de la revolu¬

126 629 1156 78 cion francesa, y guerra de exterminio entre

126 695 1156 84 españoles y americanos, en las mantanzas re¬

124 765 1160 86 ligiosas, en los patíbulos de la inquisicion,

126 837 1154 82 asi como se ocupó en las cruzadas y en los

124 913 1164 81 admirables derechos feudales. En cuanto á

126 980 1158 80 la relajacion de costumbres, no es peor la

124 1052 1156 80 Roma de la época del triunvirato y de los

122 1128 1152 80 emperadores, que el mundo de nuestro siglo;

122 1198 1158 88 Ilevando nosotros de ventaja bastante desprecio

122 1270 1158 82 de la religion, á lo menos en los actos públi¬

124 1340 112 92 cos.

178 1416 1102 83 Sin embargo, existe una multitud de ins¬

122 1491 1156 86 tituciones filantrópicas, que parece han me¬

124 1563 1152 82 jorado la moralidad de los siglos pasa¬

120 1629 1158 88 dos; aunque hecho menos en ellas esa genera¬

118 1703 1158 78 lidad hospitalaria y benéfica de los caravan¬

122 1773 1152 78 zais, de los baños públicos, de las distribu¬

118 1845 1144 91 ciones congiarias y relevacion de impuestos, y

118 1919 1154 85 otras instituciones que eran tan frecuentes en

120 1988 1156 94 la antigüedad, y aun lo son en las regiones

120 2056 1156 92 orientales. Nuestra fiantropía regularmente

120 2136 1154 118 no es nacional; no obstante, en el resultado
