1425 2412
122 275 1158 76 monarca su gefe. Ya no vemos como en la

122 339 1158 93 antigüedad, que el erario fiscal emprenda

124 416 1141 86 esas grandes obras dirijidas á la comodidad y

124 488 1160 80 magnificencia de los pueblos, que entonces

128 558 1152 75 eran tan frecuentes, sin embargo de la extre¬

126 629 1148 84 ma moderacion en las contribuciones. Hoy

126 699 1152 92 casi todo debe resultar de fondos municipales,

132 771 602 89 y fortunas particulares.

187 838 1101 86 La libertad natural jamas se violó mas

132 918 1156 74 atrozmente que en nuestros siglos. La última

130 984 1158 85 centuria de nuestra época comenzó, sufriendo

130 1057 1154 80 casi toda la tierra el despotismo mas absoluto

134 1125 1156 93 y maléfico, que experimentaron las edades an¬

134 1203 1156 77 teriores, sino era en el acto de una conquista.

134 1272 1154 88 Aun se ignoraba lo que eran garantias pú¬

132 1346 1158 75 blicas ó individuales, y el mismo pensamiento

132 1413 1158 84 era esclavo. Es cierto que dos naciones co¬

134 1487 1156 80 menzaron á iluminar á los pueblos sobre sus

134 1567 1154 73 derechos, y que la libertad parece que avan¬

138 1632 1154 76 za sus progresos; sin embargo, aún existe

138 1704 1152 74 una lucha horrible en que no se puede asegu¬

134 1770 1158 87 rar el buen exito de sus resultados. La liber¬

136 1845 1150 76 tad civil tiene á su favor la opinion, atleta po¬

138 1919 1150 86 deroso; pero luchan en su contra los ejérci¬

138 1991 1152 73 tos permanentes; el interes de todos los em¬

142 2056 1150 92 pleos; el prestigio de las antiguas institucio¬

136 2130 1156 119 nes; la alianza de los monarcas para sostener

487 130 440 101 NOCHE QUINTA.

1205 173 75 56 75
